{
    "N71": {
        "name": "2010 ATB QTR 3-COIN SET - HOT SPRINGS",
        "program": "Special Collectibles",
        "sales": 23203,
        "firstSeen": "10/18/2015",
        "latestData": "11/6/2017"
    },
    "N72": {
        "name": "2010 ATB QTR 3-COIN SET - YELLOWSTONE",
        "program": "Special Collectibles",
        "sales": 25048,
        "firstSeen": "10/18/2015",
        "latestData": "11/6/2017"
    },
    "N73": {
        "name": "2010 ATB QTR 3 COIN SET - YOSEMITE",
        "program": "Special Collectibles",
        "sales": 22154,
        "firstSeen": "10/18/2015",
        "latestData": "11/6/2017"
    },
    "N74": {
        "name": "2010 ATB QTR 3-COIN SET - GRAND CANYON",
        "program": "Special Collectibles",
        "sales": 22133,
        "firstSeen": "10/18/2015",
        "latestData": "11/6/2017"
    },
    "N75": {
        "name": "2010 ATB QTR 3-COIN SET - MT HOOD",
        "program": "Special Collectibles",
        "sales": 18384,
        "firstSeen": "10/18/2015",
        "latestData": "11/6/2017"
    },
    "N86": {
        "name": "2010 ATB QTR UNC SET",
        "program": "Annual Sets",
        "sales": 42104,
        "firstSeen": "10/18/2015",
        "latestData": "11/6/2017"
    },
    "N89": {
        "name": "2010 ATB QTR CIRC SET",
        "program": "Annual Sets",
        "sales": 40768,
        "firstSeen": "10/18/2015",
        "latestData": "11/6/2017"
    },
    "P33": {
        "name": "2010 PRES $1 COIN COVER - FILLMORE",
        "program": "Special Collectibles",
        "sales": 23958,
        "firstSeen": "10/18/2015",
        "latestData": "3/5/2018"
    },
    "P34": {
        "name": "2010 PRES $1 COIN COVER - PIERCE",
        "program": "Special Collectibles",
        "sales": 22413,
        "firstSeen": "10/18/2015",
        "latestData": "3/5/2018"
    },
    "P35": {
        "name": "2010 PRES $1 COIN COVER - BUCHANAN",
        "program": "Special Collectibles",
        "sales": 21138,
        "firstSeen": "10/18/2015",
        "latestData": "3/5/2018"
    },
    "XN4": {
        "name": "2010 PRES $1 & FS MDL SET - FILMORE",
        "program": "Special Collectibles",
        "sales": 11325,
        "firstSeen": "10/18/2015",
        "latestData": "3/5/2018"
    },
    "XO4": {
        "name": "2010 PRES $1 & FS MDL SET - PIERCE",
        "program": "Special Collectibles",
        "sales": 9100,
        "firstSeen": "10/18/2015",
        "latestData": "3/5/2018"
    },
    "XP4": {
        "name": "2010 PRES $1 & FS MDL SET - BUCHANAN",
        "program": "Special Collectibles",
        "sales": 9189,
        "firstSeen": "10/18/2015",
        "latestData": "3/5/2018"
    },
    "N76": {
        "name": "2011 ATB QTR 3-COIN SET - GETTYSBURG",
        "program": "Special Collectibles",
        "sales": 22869,
        "firstSeen": "10/18/2015",
        "latestData": "11/6/2017"
    },
    "N77": {
        "name": "2011 ATB QTR 3-COIN SET - GLACIER",
        "program": "Special Collectibles",
        "sales": 19046,
        "firstSeen": "10/18/2015",
        "latestData": "11/6/2017"
    },
    "N78": {
        "name": "2011 ATB QTR 3-COIN SET - OLYMPIC",
        "program": "Special Collectibles",
        "sales": 17718,
        "firstSeen": "10/18/2015",
        "latestData": "11/6/2017"
    },
    "N79": {
        "name": "2011 ATB QTR 3-COIN SET - VICKSBURG",
        "program": "Special Collectibles",
        "sales": 18095,
        "firstSeen": "10/18/2015",
        "latestData": "11/6/2017"
    },
    "N80": {
        "name": "2011 ATB QTR 3-COIN SET - CHICKASAW",
        "program": "Special Collectibles",
        "sales": 16184,
        "firstSeen": "10/18/2015",
        "latestData": "11/6/2017"
    },
    "N91": {
        "name": "2011 ATB QTR CIRC SET",
        "program": "Annual Sets",
        "sales": 37188,
        "firstSeen": "10/18/2015",
        "latestData": "11/6/2017"
    },
    "N93": {
        "name": "2011 ATB QTR UNC SET",
        "program": "Annual Sets",
        "sales": 40709,
        "firstSeen": "10/18/2015",
        "latestData": "11/6/2017"
    },
    "P37": {
        "name": "2011 PRES $1 COIN COVER - JOHNSON",
        "program": "Special Collectibles",
        "sales": 19591,
        "firstSeen": "10/18/2015",
        "latestData": "3/5/2018"
    },
    "P38": {
        "name": "2011 PRES $1 COIN COVER - GRANT",
        "program": "Special Collectibles",
        "sales": 20491,
        "firstSeen": "10/18/2015",
        "latestData": "3/5/2018"
    },
    "P39": {
        "name": "2011 PRES $1 COIN COVER - HAYES",
        "program": "Special Collectibles",
        "sales": 17817,
        "firstSeen": "10/18/2015",
        "latestData": "3/5/2018"
    },
    "P40": {
        "name": "2011 PRES $1 COIN COVER - GARFIELD",
        "program": "Special Collectibles",
        "sales": 16897,
        "firstSeen": "10/18/2015",
        "latestData": "3/5/2018"
    },
    "XE5": {
        "name": "2011 PRES $1 UNC SET",
        "program": "Annual Sets",
        "sales": 87429,
        "firstSeen": "10/18/2015",
        "latestData": "3/5/2018"
    },
    "XN5": {
        "name": "2011 PRES $1 & FS MDL SET - JOHNSON",
        "program": "Special Collectibles",
        "sales": 7418,
        "firstSeen": "10/18/2015",
        "latestData": "3/5/2018"
    },
    "XO5": {
        "name": "2011 PRES $1 & FS MDL SET - GRANT",
        "program": "Special Collectibles",
        "sales": 7983,
        "firstSeen": "10/18/2015",
        "latestData": "6/19/2017"
    },
    "XP5": {
        "name": "2011 PRES $1 & FS MDL SET - HAYES",
        "program": "Special Collectibles",
        "sales": 6439,
        "firstSeen": "10/18/2015",
        "latestData": "3/5/2018"
    },
    "XQ5": {
        "name": "2011 PRES $1 & FS MDL SET - GARFIELD",
        "program": "Special Collectibles",
        "sales": 6251,
        "firstSeen": "10/18/2015",
        "latestData": "3/5/2018"
    },
    "N82": {
        "name": "2012 ATB QTR 3-COIN SET - CHACO CULTURE",
        "program": "Special Collectibles",
        "sales": 20028,
        "firstSeen": "10/18/2015",
        "latestData": "11/6/2017"
    },
    "N83": {
        "name": "2012 ATB QTR 3-COIN SET - ACADIA",
        "program": "Special Collectibles",
        "sales": 19940,
        "firstSeen": "10/18/2015",
        "latestData": "9/26/2016"
    },
    "N84": {
        "name": "2012 ATB QTR 3-COIN SET - HAWAII",
        "program": "Special Collectibles",
        "sales": 19947,
        "firstSeen": "10/18/2015",
        "latestData": "4/10/2016"
    },
    "N85": {
        "name": "2012 ATB QTR 3-COIN SET - DENALI",
        "program": "Special Collectibles",
        "sales": 18193,
        "firstSeen": "10/18/2015",
        "latestData": "11/6/2017"
    },
    "P41": {
        "name": "2012 PRES $1 COIN COVER - ARTHUR",
        "program": "Special Collectibles",
        "sales": 17192,
        "firstSeen": "10/18/2015",
        "latestData": "3/5/2018"
    },
    "P42": {
        "name": "2012 PRES $1 COIN COVER - CVLD 1ST",
        "program": "Special Collectibles",
        "sales": 15540,
        "firstSeen": "10/18/2015",
        "latestData": "3/5/2018"
    },
    "P43": {
        "name": "2012 PRES $1 COIN COVER - HARRISON",
        "program": "Special Collectibles",
        "sales": 15289,
        "firstSeen": "10/18/2015",
        "latestData": "3/5/2018"
    },
    "P44": {
        "name": "2012 PRES $1 COIN COVER - CVLD 2ND",
        "program": "Special Collectibles",
        "sales": 14573,
        "firstSeen": "10/18/2015",
        "latestData": "3/5/2018"
    },
    "XE6": {
        "name": "2012 PRES $1 UNC SET",
        "program": "Annual Sets",
        "sales": 99743,
        "firstSeen": "10/18/2015",
        "latestData": "4/10/2016"
    },
    "XN6": {
        "name": "2012 PRES $1 & FS MDL SET - ARTHUR",
        "program": "Special Collectibles",
        "sales": 6296,
        "firstSeen": "10/18/2015",
        "latestData": "3/5/2018"
    },
    "XO6": {
        "name": "2012 PRES $1 & FS MDL SET - CVLD 1ST",
        "program": "Special Collectibles",
        "sales": 5777,
        "firstSeen": "10/18/2015",
        "latestData": "3/5/2018"
    },
    "XP6": {
        "name": "2012 PRES $1 & FS MDL SET - HARRISON",
        "program": "Special Collectibles",
        "sales": 5676,
        "firstSeen": "10/18/2015",
        "latestData": "3/5/2018"
    },
    "XQ6": {
        "name": "2012 PRES $1 & FS MDL SET - CVLD 2ND",
        "program": "Special Collectibles",
        "sales": 5493,
        "firstSeen": "10/18/2015",
        "latestData": "3/5/2018"
    },
    "DE7": {
        "name": "2013 PRES $1 CIRC SET (D)",
        "program": "Annual Sets",
        "sales": 14923,
        "firstSeen": "10/18/2015",
        "latestData": "1/3/2016"
    },
    "N15": {
        "name": "2013 BIRTH SET",
        "program": "Special Collectibles",
        "sales": 42465,
        "firstSeen": "10/18/2015",
        "latestData": "3/5/2018"
    },
    "N16": {
        "name": "2013 HAPPY BIRTHDAY SET",
        "program": "Special Collectibles",
        "sales": 12028,
        "firstSeen": "10/18/2015",
        "latestData": "3/5/2018"
    },
    "N17": {
        "name": "2013 CONGRATULATIONS SET",
        "program": "Special Collectibles",
        "sales": 18347,
        "firstSeen": "10/18/2015",
        "latestData": "1/3/2016"
    },
    "N46": {
        "name": "2013 ATB QTR 3-COIN SET - WH MTN",
        "program": "Special Collectibles",
        "sales": 18056,
        "firstSeen": "10/18/2015",
        "latestData": "4/10/2016"
    },
    "N47": {
        "name": "2013 ATB QTR 3-COIN SET - PY VTY",
        "program": "Special Collectibles",
        "sales": 17643,
        "firstSeen": "10/18/2015",
        "latestData": "11/6/2017"
    },
    "N48": {
        "name": "2013 ATB QTR 3-COIN SET - GT BSN",
        "program": "Special Collectibles",
        "sales": 15526,
        "firstSeen": "10/18/2015",
        "latestData": "11/6/2017"
    },
    "N49": {
        "name": "2013 ATB QTR 3-COIN SET - MCHNRY",
        "program": "Special Collectibles",
        "sales": 16345,
        "firstSeen": "10/18/2015",
        "latestData": "11/6/2017"
    },
    "N50": {
        "name": "2013 ATB QTR 3-COIN SET - MT RSM",
        "program": "Special Collectibles",
        "sales": 17924,
        "firstSeen": "10/18/2015",
        "latestData": "11/6/2017"
    },
    "N96": {
        "name": "2013 ATB QTR UNC SET",
        "program": "Annual Sets",
        "sales": 43217,
        "firstSeen": "10/18/2015",
        "latestData": "11/6/2017"
    },
    "N97": {
        "name": "2013 ATB QTR CIRC SET",
        "program": "Annual Sets",
        "sales": 29898,
        "firstSeen": "10/18/2015",
        "latestData": "11/6/2017"
    },
    "P45": {
        "name": "2013 PRES $1 COIN COVER - MCKINLEY",
        "program": "Special Collectibles",
        "sales": 14989,
        "firstSeen": "10/18/2015",
        "latestData": "3/5/2018"
    },
    "P46": {
        "name": "2013 PRES $1 COIN COVER - ROOSEVLT",
        "program": "Special Collectibles",
        "sales": 18044,
        "firstSeen": "10/18/2015",
        "latestData": "3/5/2018"
    },
    "P47": {
        "name": "2013 PRES $1 COIN COVER - TAFT",
        "program": "Special Collectibles",
        "sales": 13888,
        "firstSeen": "10/18/2015",
        "latestData": "3/5/2018"
    },
    "P48": {
        "name": "2013 PRES $1 COIN COVER - WILSON",
        "program": "Special Collectibles",
        "sales": 13555,
        "firstSeen": "10/18/2015",
        "latestData": "3/5/2018"
    },
    "TR9": {
        "name": "2013 ROOSEVLT YOUTH SET",
        "program": "Special Collectibles",
        "sales": 10923,
        "firstSeen": "10/18/2015",
        "latestData": "3/5/2018"
    },
    "XN7": {
        "name": "2013 PRES $1 & FS MDL SET - MCKINLEY",
        "program": "Special Collectibles",
        "sales": 3994,
        "firstSeen": "10/18/2015",
        "latestData": "1/3/2016"
    },
    "XO7": {
        "name": "2013 PRES $1 & FS MDL SET - ROOSEVLT",
        "program": "Special Collectibles",
        "sales": 5002,
        "firstSeen": "10/18/2015",
        "latestData": "1/3/2016"
    },
    "XP7": {
        "name": "2013 PRES $1 & FS MDL SET - TAFT",
        "program": "Special Collectibles",
        "sales": 3994,
        "firstSeen": "10/18/2015",
        "latestData": "1/3/2016"
    },
    "XQ7": {
        "name": "2013 PRES $1 & FS MDL SET - WILSON 1ST",
        "program": "Special Collectibles",
        "sales": 3998,
        "firstSeen": "10/18/2015",
        "latestData": "1/3/2016"
    },
    "XR7": {
        "name": "2013 PRES $1 & FS MDL SET - WILSON 2ND",
        "program": "Special Collectibles",
        "sales": 3979,
        "firstSeen": "10/18/2015",
        "latestData": "1/3/2016"
    },
    "AW1": {
        "name": "2014 ATB QTR 100-COIN BAG - ARCHES (P)",
        "program": "Rolls & Bags & Boxes",
        "sales": 2528,
        "firstSeen": "10/18/2015",
        "latestData": "4/10/2016"
    },
    "AW2": {
        "name": "2014 ATB QTR 100-COIN BAG - ARCHES (D)",
        "program": "Rolls & Bags & Boxes",
        "sales": 2513,
        "firstSeen": "10/18/2015",
        "latestData": "4/10/2016"
    },
    "AW3": {
        "name": "2014 ATB QTR 100-COIN BAG - ARCHES (S)",
        "program": "Rolls & Bags & Boxes",
        "sales": 5873,
        "firstSeen": "10/18/2015",
        "latestData": "4/10/2016"
    },
    "AW4": {
        "name": "2014 ATB QTR 2-ROLL SET - ARCHES (P&D)",
        "program": "Rolls & Bags & Boxes",
        "sales": 8881,
        "firstSeen": "10/18/2015",
        "latestData": "4/10/2016"
    },
    "AW5": {
        "name": "2014 ATB QTR 40-COIN ROLL - ARCHES (S)",
        "program": "Rolls & Bags & Boxes",
        "sales": 5691,
        "firstSeen": "10/18/2015",
        "latestData": "4/10/2016"
    },
    "AW6": {
        "name": "2014 ATB QTR 3-ROLL SET - ARCHES (P&D&S)",
        "program": "Rolls & Bags & Boxes",
        "sales": 10525,
        "firstSeen": "10/18/2015",
        "latestData": "4/10/2016"
    },
    "CS1": {
        "name": "2014 CONGRATULATIONS SET",
        "program": "Special Collectibles",
        "sales": 7529,
        "firstSeen": "10/18/2015",
        "latestData": "1/3/2016"
    },
    "DE8": {
        "name": "2014 PRES $1 CIRC SET (P)",
        "program": "Annual Sets",
        "sales": 14297,
        "firstSeen": "10/18/2015",
        "latestData": "3/5/2018"
    },
    "DE9": {
        "name": "2014 PRES $1 CIRC SET (D)",
        "program": "Annual Sets",
        "sales": 11057,
        "firstSeen": "10/18/2015",
        "latestData": "3/5/2018"
    },
    "ES1": {
        "name": "2014 AM EAGLE SILVER PROOF 1 OZ",
        "program": "Precious Metal Products",
        "sales": 894614,
        "firstSeen": "10/18/2015",
        "latestData": "1/3/2016"
    },
    "FR1": {
        "name": "2014 PRES $1 25-COIN ROLL - ROOSEVLT (P)",
        "program": "Rolls & Bags & Boxes",
        "sales": 59770,
        "firstSeen": "10/18/2015",
        "latestData": "3/5/2018"
    },
    "FR2": {
        "name": "2014 PRES $1 25-COIN ROLL - ROOSEVLT (D)",
        "program": "Rolls & Bags & Boxes",
        "sales": 54121,
        "firstSeen": "10/18/2015",
        "latestData": "3/5/2018"
    },
    "GD1": {
        "name": "2014 ATB QTR 100-COIN BAG - GT SND (P)",
        "program": "Rolls & Bags & Boxes",
        "sales": 2571,
        "firstSeen": "10/18/2015",
        "latestData": "4/10/2016"
    },
    "GD2": {
        "name": "2014 ATB QTR 100-COIN BAG - GT SND (D)",
        "program": "Rolls & Bags & Boxes",
        "sales": 2482,
        "firstSeen": "10/18/2015",
        "latestData": "4/10/2016"
    },
    "GD3": {
        "name": "2014 ATB QTR 100-COIN BAG - GT SND (S)",
        "program": "Rolls & Bags & Boxes",
        "sales": 5544,
        "firstSeen": "10/18/2015",
        "latestData": "4/10/2016"
    },
    "GD4": {
        "name": "2014 ATB QTR 2-ROLL SET - GT SND (P&D)",
        "program": "Rolls & Bags & Boxes",
        "sales": 8512,
        "firstSeen": "10/18/2015",
        "latestData": "4/10/2016"
    },
    "GD5": {
        "name": "2014 ATB QTR 40-COIN ROLL - GT SND (S)",
        "program": "Rolls & Bags & Boxes",
        "sales": 5360,
        "firstSeen": "10/18/2015",
        "latestData": "4/10/2016"
    },
    "GD6": {
        "name": "2014 ATB QTR 3-ROLL SET - GT SND (P&D&S)",
        "program": "Rolls & Bags & Boxes",
        "sales": 10199,
        "firstSeen": "10/18/2015",
        "latestData": "4/10/2016"
    },
    "HB1": {
        "name": "2014 HAPPY BIRTHDAY SET",
        "program": "Special Collectibles",
        "sales": 13592,
        "firstSeen": "10/18/2015",
        "latestData": "3/5/2018"
    },
    "HH1": {
        "name": "2014 PRES $1 25-COIN ROLL - HOOVER (P)",
        "program": "Rolls & Bags & Boxes",
        "sales": 53659,
        "firstSeen": "10/18/2015",
        "latestData": "3/5/2018"
    },
    "HH2": {
        "name": "2014 PRES $1 25-COIN ROLL - HOOVER (D)",
        "program": "Rolls & Bags & Boxes",
        "sales": 46773,
        "firstSeen": "10/18/2015",
        "latestData": "3/5/2018"
    },
    "HP2": {
        "name": "2014 FS GOLD UNC 1/2 OZ - HARDING",
        "program": "First Spouse",
        "sales": 1944,
        "firstSeen": "10/18/2015",
        "latestData": "9/11/2016"
    },
    "HP4": {
        "name": "2014 FS GOLD UNC 1/2 OZ - COOLIDGE",
        "program": "First Spouse",
        "sales": 1949,
        "firstSeen": "10/18/2015",
        "latestData": "6/26/2016"
    },
    "HP5": {
        "name": "2014 FS GOLD PROOF 1/2 OZ - HOOVER",
        "program": "First Spouse",
        "sales": 2392,
        "firstSeen": "10/18/2015",
        "latestData": "6/12/2016"
    },
    "HP6": {
        "name": "2014 FS GOLD UNC 1/2 OZ - HOOVER",
        "program": "First Spouse",
        "sales": 1936,
        "firstSeen": "10/18/2015",
        "latestData": "9/26/2016"
    },
    "N98": {
        "name": "2014 ATB QTR UNC SET",
        "program": "Annual Sets",
        "sales": 31364,
        "firstSeen": "10/18/2015",
        "latestData": "3/5/2018"
    },
    "NR4": {
        "name": "2014 ATB SILVER UNC 5 OZ - GT SND",
        "program": "Precious Metal Products",
        "sales": 24103,
        "firstSeen": "10/18/2015",
        "latestData": "1/3/2016"
    },
    "P16": {
        "name": "2014 PROOF SET",
        "program": "Annual Sets",
        "sales": 714661,
        "firstSeen": "10/18/2015",
        "latestData": "1/3/2016"
    },
    "P49": {
        "name": "2014 PRES $1 COIN COVER - HARDING",
        "program": "Special Collectibles",
        "sales": 13197,
        "firstSeen": "10/18/2015",
        "latestData": "3/5/2018"
    },
    "P50": {
        "name": "2014 PRES $1 COIN COVER - COOLIDGE",
        "program": "Special Collectibles",
        "sales": 13060,
        "firstSeen": "10/18/2015",
        "latestData": "3/5/2018"
    },
    "P51": {
        "name": "2014 PRES $1 COIN COVER - HOOVER",
        "program": "Special Collectibles",
        "sales": 12585,
        "firstSeen": "10/18/2015",
        "latestData": "3/5/2018"
    },
    "P52": {
        "name": "2014 PRES $1 COIN COVER - ROOSEVLT",
        "program": "Special Collectibles",
        "sales": 15452,
        "firstSeen": "10/18/2015",
        "latestData": "3/5/2018"
    },
    "P88": {
        "name": "2014 ATB QTR 3-COIN SET - SHDOAH",
        "program": "Special Collectibles",
        "sales": 17351,
        "firstSeen": "10/18/2015",
        "latestData": "11/6/2017"
    },
    "P89": {
        "name": "2014 ATB QTR 3-COIN SET - ARCHES",
        "program": "Special Collectibles",
        "sales": 15859,
        "firstSeen": "10/18/2015",
        "latestData": "11/6/2017"
    },
    "P90": {
        "name": "2014 ATB QTR 3-COIN SET - GT SND",
        "program": "Special Collectibles",
        "sales": 14119,
        "firstSeen": "10/18/2015",
        "latestData": "11/6/2017"
    },
    "PE4": {
        "name": "2014 PRES $1 PROOF SET",
        "program": "Annual Sets",
        "sales": 229415,
        "firstSeen": "10/18/2015",
        "latestData": "1/3/2016"
    },
    "Q5E": {
        "name": "2014 ATB QTR PROOF SET",
        "program": "Annual Sets",
        "sales": 115179,
        "firstSeen": "10/18/2015",
        "latestData": "1/3/2016"
    },
    "Q5F": {
        "name": "2014 ATB QTR SILVER PROOF SET",
        "program": "Annual Sets",
        "sales": 119251,
        "firstSeen": "10/18/2015",
        "latestData": "1/3/2016"
    },
    "SH1": {
        "name": "2014 ATB QTR 100-COIN BAG - SHDOAH (P)",
        "program": "Rolls & Bags & Boxes",
        "sales": 2723,
        "firstSeen": "10/18/2015",
        "latestData": "4/10/2016"
    },
    "SH2": {
        "name": "2014 ATB QTR 100-COIN BAG - SHDOAH (D)",
        "program": "Rolls & Bags & Boxes",
        "sales": 2667,
        "firstSeen": "10/18/2015",
        "latestData": "4/10/2016"
    },
    "SH3": {
        "name": "2014 ATB QTR 100-COIN BAG - SHDOAH (S)",
        "program": "Rolls & Bags & Boxes",
        "sales": 5808,
        "firstSeen": "10/18/2015",
        "latestData": "4/10/2016"
    },
    "SH4": {
        "name": "2014 ATB QTR 2-ROLL SET - SHDOAH (P&D)",
        "program": "Rolls & Bags & Boxes",
        "sales": 9374,
        "firstSeen": "10/18/2015",
        "latestData": "4/10/2016"
    },
    "SH5": {
        "name": "2014 ATB QTR 40-COIN ROLL - SHDOAH (S)",
        "program": "Rolls & Bags & Boxes",
        "sales": 6189,
        "firstSeen": "10/18/2015",
        "latestData": "4/10/2016"
    },
    "SH6": {
        "name": "2014 ATB QTR 3-ROLL SET - SHDOAH (P&D&S)",
        "program": "Rolls & Bags & Boxes",
        "sales": 10959,
        "firstSeen": "10/18/2015",
        "latestData": "4/10/2016"
    },
    "SW1": {
        "name": "2014 SILVER PROOF SET",
        "program": "Annual Sets",
        "sales": 429493,
        "firstSeen": "10/18/2015",
        "latestData": "1/3/2016"
    },
    "U14": {
        "name": "2014 UNC SET",
        "program": "Annual Sets",
        "sales": 345813,
        "firstSeen": "10/18/2015",
        "latestData": "1/3/2016"
    },
    "UB7": {
        "name": "2014 BIRTH SET",
        "program": "Special Collectibles",
        "sales": 35953,
        "firstSeen": "10/18/2015",
        "latestData": "3/5/2018"
    },
    "XA6": {
        "name": "2014 ANNUAL $1 UNC SET",
        "program": "Annual Sets",
        "sales": 28637,
        "firstSeen": "10/18/2015",
        "latestData": "1/3/2016"
    },
    "XE8": {
        "name": "2014 PRES $1 UNC SET",
        "program": "Annual Sets",
        "sales": 66795,
        "firstSeen": "10/18/2015",
        "latestData": "3/5/2018"
    },
    "K13": {
        "name": "2014 KENNEDY ANNIVERSARY SILVER SET",
        "program": "Special Collectibles",
        "sales": 221134,
        "firstSeen": "10/18/2015",
        "latestData": "4/10/2016"
    },
    "EV1": {
        "name": "2014 ATB QTR 100-COIN BAG - EVRGLD (P)",
        "program": "Rolls & Bags & Boxes",
        "sales": 2720,
        "firstSeen": "10/18/2015",
        "latestData": "4/10/2016"
    },
    "EV2": {
        "name": "2014 ATB QTR 100-COIN BAG - EVRGLD (D)",
        "program": "Rolls & Bags & Boxes",
        "sales": 2647,
        "firstSeen": "10/18/2015",
        "latestData": "4/10/2016"
    },
    "EV3": {
        "name": "2014 ATB QTR 100-COIN BAG - EVRGLD (S)",
        "program": "Rolls & Bags & Boxes",
        "sales": 5673,
        "firstSeen": "10/18/2015",
        "latestData": "4/10/2016"
    },
    "EV4": {
        "name": "2014 ATB QTR 2-ROLL SET - EVRGLD (P&D)",
        "program": "Rolls & Bags & Boxes",
        "sales": 8202,
        "firstSeen": "10/18/2015",
        "latestData": "4/10/2016"
    },
    "EV5": {
        "name": "2014 ATB QTR 40-COIN ROLL - EVRGLD (S)",
        "program": "Rolls & Bags & Boxes",
        "sales": 5342,
        "firstSeen": "10/18/2015",
        "latestData": "4/10/2016"
    },
    "EV6": {
        "name": "2014 ATB QTR 3-ROLL SET - EVRGLD (P&D&S)",
        "program": "Rolls & Bags & Boxes",
        "sales": 9998,
        "firstSeen": "10/18/2015",
        "latestData": "4/10/2016"
    },
    "N99": {
        "name": "2014 ATB QTR CIRC SET",
        "program": "Annual Sets",
        "sales": 24696,
        "firstSeen": "10/18/2015",
        "latestData": "11/6/2017"
    },
    "P91": {
        "name": "2014 ATB QTR 3-COIN SET - EVRGLD",
        "program": "Special Collectibles",
        "sales": 14373,
        "firstSeen": "10/18/2015",
        "latestData": "11/6/2017"
    },
    "YC1": {
        "name": "2014 US MINT COIN DISCOVERY SET",
        "program": "Special Collectibles",
        "sales": 13151,
        "firstSeen": "10/18/2015",
        "latestData": "1/26/2020"
    },
    "FR9": {
        "name": "2014 FDR COIN & CHRONICLES SET",
        "program": "Special Collectibles",
        "sales": 19050,
        "firstSeen": "10/18/2015",
        "latestData": "1/3/2016"
    },
    "ES6": {
        "name": "2015 AM EAGLE SILVER PROOF 1 OZ",
        "program": "Precious Metal Products",
        "sales": 699623,
        "firstSeen": "10/18/2015",
        "latestData": "1/3/2016"
    },
    "N61": {
        "name": "2015 BIRTH SET",
        "program": "Special Collectibles",
        "sales": 34548,
        "firstSeen": "10/18/2015",
        "latestData": "4/10/2016"
    },
    "N62": {
        "name": "2015 HAPPY BIRTHDAY SET",
        "program": "Special Collectibles",
        "sales": 14470,
        "firstSeen": "10/18/2015",
        "latestData": "4/10/2016"
    },
    "N63": {
        "name": "2015 CONGRATULATIONS SET",
        "program": "Special Collectibles",
        "sales": 7895,
        "firstSeen": "10/18/2015",
        "latestData": "1/3/2016"
    },
    "SR1": {
        "name": "2015 MARSHALS GOLD PROOF",
        "program": "Commemoratives",
        "sales": 9975,
        "firstSeen": "10/18/2015",
        "latestData": "1/3/2016"
    },
    "SR2": {
        "name": "2015 MARSHALS GOLD UNC",
        "program": "Commemoratives",
        "sales": 6743,
        "firstSeen": "10/18/2015",
        "latestData": "1/3/2016"
    },
    "SR3": {
        "name": "2015 MARSHALS SILVER PROOF",
        "program": "Commemoratives",
        "sales": 109345,
        "firstSeen": "10/18/2015",
        "latestData": "1/3/2016"
    },
    "SR4": {
        "name": "2015 MARSHALS SILVER UNC",
        "program": "Commemoratives",
        "sales": 38149,
        "firstSeen": "10/18/2015",
        "latestData": "1/3/2016"
    },
    "SR5": {
        "name": "2015 MARSHALS CLAD PROOF",
        "program": "Commemoratives",
        "sales": 61565,
        "firstSeen": "10/18/2015",
        "latestData": "1/3/2016"
    },
    "SR6": {
        "name": "2015 MARSHALS CLAD UNC",
        "program": "Commemoratives",
        "sales": 30231,
        "firstSeen": "10/18/2015",
        "latestData": "1/3/2016"
    },
    "SR7": {
        "name": "2015 MARSHALS 3-COIN SET",
        "program": "Commemoratives",
        "sales": 14984,
        "firstSeen": "10/18/2015",
        "latestData": "1/3/2016"
    },
    "Q5G": {
        "name": "2015 ATB QTR PROOF SET",
        "program": "Annual Sets",
        "sales": 99466,
        "firstSeen": "10/18/2015",
        "latestData": "12/31/2018"
    },
    "HT1": {
        "name": "2015 PRES $1 25-COIN ROLL - TRUMAN (P)",
        "program": "Rolls & Bags & Boxes",
        "sales": 39686,
        "firstSeen": "10/18/2015",
        "latestData": "1/3/2016"
    },
    "HT2": {
        "name": "2015 PRES $1 25-COIN ROLL - TRUMAN (D)",
        "program": "Rolls & Bags & Boxes",
        "sales": 37655,
        "firstSeen": "10/18/2015",
        "latestData": "1/3/2016"
    },
    "HT3": {
        "name": "2015 PRES $1 250-COIN BOX - TRUMAN (P)",
        "program": "Rolls & Bags & Boxes",
        "sales": 8308,
        "firstSeen": "10/18/2015",
        "latestData": "3/5/2018"
    },
    "HT4": {
        "name": "2015 PRES $1 250-COIN BOX - TRUMAN (D)",
        "program": "Rolls & Bags & Boxes",
        "sales": 6550,
        "firstSeen": "10/18/2015",
        "latestData": "3/5/2018"
    },
    "HT5": {
        "name": "2015 PRES $1 100-COIN BAG - TRUMAN (P)",
        "program": "Rolls & Bags & Boxes",
        "sales": 3492,
        "firstSeen": "10/18/2015",
        "latestData": "3/5/2018"
    },
    "HT6": {
        "name": "2015 PRES $1 100-COIN BAG - TRUMAN (D)",
        "program": "Rolls & Bags & Boxes",
        "sales": 3334,
        "firstSeen": "10/18/2015",
        "latestData": "1/3/2016"
    },
    "KN7": {
        "name": "2015 HALF-DOLLAR 200-COIN BAG (P&D)",
        "program": "Rolls & Bags & Boxes",
        "sales": 13762,
        "firstSeen": "10/18/2015",
        "latestData": "4/24/2017"
    },
    "KN8": {
        "name": "2015 HALF-DOLLAR 2-ROLL SET (P&D)",
        "program": "Rolls & Bags & Boxes",
        "sales": 28487,
        "firstSeen": "10/18/2015",
        "latestData": "11/6/2017"
    },
    "Q5H": {
        "name": "2015 ATB QTR SILVER PROOF SET",
        "program": "Annual Sets",
        "sales": 103311,
        "firstSeen": "10/18/2015",
        "latestData": "12/31/2018"
    },
    "HM1": {
        "name": "2015 ATB QTR 100-COIN BAG - HOMSTD (P)",
        "program": "Rolls & Bags & Boxes",
        "sales": 2824,
        "firstSeen": "10/18/2015",
        "latestData": "1/3/2016"
    },
    "HM2": {
        "name": "2015 ATB QTR 100-COIN BAG - HOMSTD (D)",
        "program": "Rolls & Bags & Boxes",
        "sales": 2490,
        "firstSeen": "10/18/2015",
        "latestData": "4/10/2016"
    },
    "HM3": {
        "name": "2015 ATB QTR 100-COIN BAG - HOMSTD (S)",
        "program": "Rolls & Bags & Boxes",
        "sales": 5490,
        "firstSeen": "10/18/2015",
        "latestData": "4/10/2016"
    },
    "HM4": {
        "name": "2015 ATB QTR 2-ROLL SET - HOMSTD (P&D)",
        "program": "Rolls & Bags & Boxes",
        "sales": 8537,
        "firstSeen": "10/18/2015",
        "latestData": "4/10/2016"
    },
    "HM5": {
        "name": "2015 ATB QTR 40-COIN ROLL - HOMSTD (S)",
        "program": "Rolls & Bags & Boxes",
        "sales": 4483,
        "firstSeen": "10/18/2015",
        "latestData": "1/3/2016"
    },
    "HM6": {
        "name": "2015 ATB QTR 3-ROLL SET - HOMSTD (P&D&S)",
        "program": "Rolls & Bags & Boxes",
        "sales": 10638,
        "firstSeen": "10/18/2015",
        "latestData": "4/10/2016"
    },
    "P53": {
        "name": "2015 PRES $1 COIN COVER - TRUMAN",
        "program": "Special Collectibles",
        "sales": 14788,
        "firstSeen": "10/18/2015",
        "latestData": "1/3/2016"
    },
    "NF5": {
        "name": "2015 ATB QTR 3-COIN SET - HOMSTD",
        "program": "Special Collectibles",
        "sales": 16114,
        "firstSeen": "10/18/2015",
        "latestData": "11/6/2017"
    },
    "SN1": {
        "name": "2015 ATB SILVER UNC 5 OZ - HOMSTD",
        "program": "Precious Metal Products",
        "sales": 21286,
        "firstSeen": "10/18/2015",
        "latestData": "4/10/2016"
    },
    "PE5": {
        "name": "2015 PRES $1 PROOF SET",
        "program": "Annual Sets",
        "sales": 222068,
        "firstSeen": "10/18/2015",
        "latestData": "4/10/2016"
    },
    "PM1": {
        "name": "2015 AM EAGLE GOLD PROOF 1 OZ",
        "program": "Precious Metal Products",
        "sales": 22734,
        "firstSeen": "10/18/2015",
        "latestData": "3/20/2016"
    },
    "PM2": {
        "name": "2015 AM EAGLE GOLD PROOF 1/2 OZ",
        "program": "Precious Metal Products",
        "sales": 5902,
        "firstSeen": "10/18/2015",
        "latestData": "3/20/2016"
    },
    "PM3": {
        "name": "2015 AM EAGLE GOLD PROOF 1/4 OZ",
        "program": "Precious Metal Products",
        "sales": 5857,
        "firstSeen": "10/18/2015",
        "latestData": "3/20/2016"
    },
    "PM4": {
        "name": "2015 AM EAGLE GOLD PROOF 1/10 OZ",
        "program": "Precious Metal Products",
        "sales": 16851,
        "firstSeen": "10/18/2015",
        "latestData": "3/20/2016"
    },
    "PM5": {
        "name": "2015 AM EAGLE GOLD PROOF 4-COIN SET",
        "program": "Precious Metal Products",
        "sales": 9918,
        "firstSeen": "10/18/2015",
        "latestData": "1/3/2016"
    },
    "DM1": {
        "name": "2015 MARCH OF DIMES SILVER PROOF",
        "program": "Commemoratives",
        "sales": 57600,
        "firstSeen": "10/18/2015",
        "latestData": "1/3/2016"
    },
    "DM2": {
        "name": "2015 MARCH OF DIMES SILVER UNC",
        "program": "Commemoratives",
        "sales": 24742,
        "firstSeen": "10/18/2015",
        "latestData": "1/3/2016"
    },
    "LS3": {
        "name": "2014 LIMITED EDITION SILVER PROOF SET",
        "program": "Special Collectibles",
        "sales": 42614,
        "firstSeen": "10/18/2015",
        "latestData": "1/3/2016"
    },
    "NT1": {
        "name": "2015 NA $1 25-COIN ROLL (P)",
        "program": "Rolls & Bags & Boxes",
        "sales": 18763,
        "firstSeen": "10/18/2015",
        "latestData": "11/6/2017"
    },
    "NT2": {
        "name": "2015 NA $1 25-COIN ROLL (D)",
        "program": "Rolls & Bags & Boxes",
        "sales": 19021,
        "firstSeen": "10/18/2015",
        "latestData": "11/6/2017"
    },
    "NT3": {
        "name": "2015 NA $1 250-COIN BOX (P)",
        "program": "Rolls & Bags & Boxes",
        "sales": 2329,
        "firstSeen": "10/18/2015",
        "latestData": "11/6/2017"
    },
    "NT4": {
        "name": "2015 NA $1 250-COIN BOX (D)",
        "program": "Rolls & Bags & Boxes",
        "sales": 2311,
        "firstSeen": "10/18/2015",
        "latestData": "11/6/2017"
    },
    "NT5": {
        "name": "2015 NA $1 100-COIN BAG (P)",
        "program": "Rolls & Bags & Boxes",
        "sales": 2415,
        "firstSeen": "10/18/2015",
        "latestData": "11/6/2017"
    },
    "NT6": {
        "name": "2015 NA $1 100-COIN BAG (D)",
        "program": "Rolls & Bags & Boxes",
        "sales": 2455,
        "firstSeen": "10/18/2015",
        "latestData": "11/6/2017"
    },
    "P17": {
        "name": "2015 PROOF SET",
        "program": "Annual Sets",
        "sales": 662854,
        "firstSeen": "10/18/2015",
        "latestData": "12/31/2018"
    },
    "ES7": {
        "name": "2015 AM EAGLE SILVER UNC 1 OZ",
        "program": "Precious Metal Products",
        "sales": 201188,
        "firstSeen": "10/18/2015",
        "latestData": "1/3/2016"
    },
    "PM6": {
        "name": "2015 AM BUFFALO GOLD PROOF 1 OZ",
        "program": "Precious Metal Products",
        "sales": 16591,
        "firstSeen": "10/18/2015",
        "latestData": "4/10/2016"
    },
    "DW1": {
        "name": "2015 PRES $1 25-COIN ROLL - EISENHWR (P)",
        "program": "Rolls & Bags & Boxes",
        "sales": 39729,
        "firstSeen": "10/18/2015",
        "latestData": "1/3/2016"
    },
    "DW2": {
        "name": "2015 PRES $1 25-COIN ROLL - EISENHWR (D)",
        "program": "Rolls & Bags & Boxes",
        "sales": 37728,
        "firstSeen": "10/18/2015",
        "latestData": "1/3/2016"
    },
    "DW5": {
        "name": "2015 PRES $1 100-COIN BAG - EISENHWR (P)",
        "program": "Rolls & Bags & Boxes",
        "sales": 2663,
        "firstSeen": "10/18/2015",
        "latestData": "3/5/2018"
    },
    "DW6": {
        "name": "2015 PRES $1 100-COIN BAG - EISENHWR (D)",
        "program": "Rolls & Bags & Boxes",
        "sales": 2500,
        "firstSeen": "10/18/2015",
        "latestData": "3/5/2018"
    },
    "DW3": {
        "name": "2015 PRES $1 250-COIN BOX - EISENHWR (P)",
        "program": "Rolls & Bags & Boxes",
        "sales": 7968,
        "firstSeen": "10/18/2015",
        "latestData": "3/5/2018"
    },
    "DW4": {
        "name": "2015 PRES $1 250-COIN BOX - EISENHWR (D)",
        "program": "Rolls & Bags & Boxes",
        "sales": 6330,
        "firstSeen": "10/18/2015",
        "latestData": "3/5/2018"
    },
    "JQ1": {
        "name": "2015 FS GOLD PROOF 1/2 OZ - TRUMAN",
        "program": "First Spouse",
        "sales": 2747,
        "firstSeen": "10/18/2015",
        "latestData": "3/5/2018"
    },
    "JQ2": {
        "name": "2015 FS GOLD UNC 1/2 OZ - TRUMAN",
        "program": "First Spouse",
        "sales": 1946,
        "firstSeen": "10/18/2015",
        "latestData": "3/5/2018"
    },
    "KA6": {
        "name": "2015 ATB QTR 3-ROLL SET - KTCHIE (P&D&S)",
        "program": "Rolls & Bags & Boxes",
        "sales": 9811,
        "firstSeen": "10/18/2015",
        "latestData": "4/10/2016"
    },
    "KA4": {
        "name": "2015 ATB QTR 2-ROLL SET - KTCHIE (P&D)",
        "program": "Rolls & Bags & Boxes",
        "sales": 7967,
        "firstSeen": "10/18/2015",
        "latestData": "4/10/2016"
    },
    "KA5": {
        "name": "2015 ATB QTR 40-COIN ROLL - KTCHIE (S)",
        "program": "Rolls & Bags & Boxes",
        "sales": 4801,
        "firstSeen": "10/18/2015",
        "latestData": "4/10/2016"
    },
    "KA1": {
        "name": "2015 ATB QTR 100-COIN BAG - KTCHIE (P)",
        "program": "Rolls & Bags & Boxes",
        "sales": 2383,
        "firstSeen": "10/18/2015",
        "latestData": "4/10/2016"
    },
    "KA2": {
        "name": "2015 ATB QTR 100-COIN BAG - KTCHIE (D)",
        "program": "Rolls & Bags & Boxes",
        "sales": 2344,
        "firstSeen": "10/18/2015",
        "latestData": "4/10/2016"
    },
    "KA3": {
        "name": "2015 ATB QTR 100-COIN BAG - KTCHIE (S)",
        "program": "Rolls & Bags & Boxes",
        "sales": 5149,
        "firstSeen": "10/18/2015",
        "latestData": "4/10/2016"
    },
    "NE2": {
        "name": "2015 ATB QTR UNC SET",
        "program": "Annual Sets",
        "sales": 28968,
        "firstSeen": "10/18/2015",
        "latestData": "11/6/2017"
    },
    "NF6": {
        "name": "2015 ATB QTR 3-COIN SET - KTCHIE",
        "program": "Special Collectibles",
        "sales": 15196,
        "firstSeen": "10/18/2015",
        "latestData": "11/6/2017"
    },
    "U15": {
        "name": "2015 UNC SET",
        "program": "Annual Sets",
        "sales": 314029,
        "firstSeen": "10/18/2015",
        "latestData": "3/5/2018"
    },
    "SN2": {
        "name": "2015 ATB SILVER UNC 5 OZ - KTCHIE",
        "program": "Precious Metal Products",
        "sales": 19449,
        "firstSeen": "10/18/2015",
        "latestData": "3/20/2016"
    },
    "JP5": {
        "name": "2015 PRES $1 & FS MDL SET - TRUMAN",
        "program": "Special Collectibles",
        "sales": 8693,
        "firstSeen": "10/18/2015",
        "latestData": "3/5/2018"
    },
    "PM7": {
        "name": "2015 AM EAGLE GOLD UNC 1 OZ",
        "program": "Precious Metal Products",
        "sales": 6533,
        "firstSeen": "10/18/2015",
        "latestData": "4/10/2016"
    },
    "DM5": {
        "name": "2015 MARCH OF DIMES SPECIAL SET",
        "program": "Commemoratives",
        "sales": 74430,
        "firstSeen": "10/18/2015",
        "latestData": "1/3/2016"
    },
    "P54": {
        "name": "2015 PRES $1 COIN COVER - EISENHWR",
        "program": "Special Collectibles",
        "sales": 14823,
        "firstSeen": "10/18/2015",
        "latestData": "4/10/2016"
    },
    "JQ3": {
        "name": "2015 FS GOLD PROOF 1/2 OZ - EISENHWR",
        "program": "First Spouse",
        "sales": 2704,
        "firstSeen": "10/18/2015",
        "latestData": "6/12/2016"
    },
    "JQ4": {
        "name": "2015 FS GOLD UNC 1/2 OZ - EISENHWR",
        "program": "First Spouse",
        "sales": 2102,
        "firstSeen": "10/18/2015",
        "latestData": "3/5/2018"
    },
    "JP6": {
        "name": "2015 PRES $1 & FS MDL SET - EISENHWR",
        "program": "Special Collectibles",
        "sales": 9847,
        "firstSeen": "10/18/2015",
        "latestData": "11/6/2017"
    },
    "SW2": {
        "name": "2015 SILVER PROOF SET",
        "program": "Annual Sets",
        "sales": 387310,
        "firstSeen": "10/18/2015",
        "latestData": "12/31/2018"
    },
    "XA7": {
        "name": "2015 ANNUAL $1 UNC SET",
        "program": "Annual Sets",
        "sales": 22691,
        "firstSeen": "10/18/2015",
        "latestData": "1/3/2016"
    },
    "KN1": {
        "name": "2015 PRES $1 25-COIN ROLL - KENNEDY (P)",
        "program": "Rolls & Bags & Boxes",
        "sales": 53802,
        "firstSeen": "10/18/2015",
        "latestData": "3/5/2018"
    },
    "KN2": {
        "name": "2015 PRES $1 25-COIN ROLL - KENNEDY (D)",
        "program": "Rolls & Bags & Boxes",
        "sales": 48061,
        "firstSeen": "10/18/2015",
        "latestData": "3/5/2018"
    },
    "KN5": {
        "name": "2015 PRES $1 100-COIN BAG - KENNEDY (P)",
        "program": "Rolls & Bags & Boxes",
        "sales": 2932,
        "firstSeen": "10/18/2015",
        "latestData": "3/5/2018"
    },
    "KN6": {
        "name": "2015 PRES $1 100-COIN BAG - KENNEDY (D)",
        "program": "Rolls & Bags & Boxes",
        "sales": 2690,
        "firstSeen": "10/18/2015",
        "latestData": "3/5/2018"
    },
    "KN3": {
        "name": "2015 PRES $1 250-COIN BOX - KENNEDY (P)",
        "program": "Rolls & Bags & Boxes",
        "sales": 7999,
        "firstSeen": "10/18/2015",
        "latestData": "3/5/2018"
    },
    "KN4": {
        "name": "2015 PRES $1 250-COIN BOX - KENNEDY (D)",
        "program": "Rolls & Bags & Boxes",
        "sales": 7382,
        "firstSeen": "10/18/2015",
        "latestData": "3/5/2018"
    },
    "JQ5": {
        "name": "2015 FS GOLD PROOF 1/2 OZ - KENNEDY",
        "program": "First Spouse",
        "sales": 11222,
        "firstSeen": "10/18/2015",
        "latestData": "4/10/2016"
    },
    "JQ6": {
        "name": "2015 FS GOLD UNC 1/2 OZ - KENNEDY",
        "program": "First Spouse",
        "sales": 6771,
        "firstSeen": "10/18/2015",
        "latestData": "11/6/2017"
    },
    "BD6": {
        "name": "2015 ATB QTR 3-ROLL SET - BL RDG (P&D&S)",
        "program": "Rolls & Bags & Boxes",
        "sales": 9990,
        "firstSeen": "10/18/2015",
        "latestData": "11/6/2017"
    },
    "BD4": {
        "name": "2015 ATB QTR 2-ROLL SET - BL RDG (P&D)",
        "program": "Rolls & Bags & Boxes",
        "sales": 7902,
        "firstSeen": "10/18/2015",
        "latestData": "11/6/2017"
    },
    "BD5": {
        "name": "2015 ATB QTR 40-COIN ROLL - BL RDG (S)",
        "program": "Rolls & Bags & Boxes",
        "sales": 4978,
        "firstSeen": "10/18/2015",
        "latestData": "11/6/2017"
    },
    "BD1": {
        "name": "2015 ATB QTR 100-COIN BAG - BL RDG (P)",
        "program": "Rolls & Bags & Boxes",
        "sales": 2339,
        "firstSeen": "10/18/2015",
        "latestData": "11/6/2017"
    },
    "BD2": {
        "name": "2015 ATB QTR 100-COIN BAG - BL RDG (D)",
        "program": "Rolls & Bags & Boxes",
        "sales": 2328,
        "firstSeen": "10/18/2015",
        "latestData": "11/6/2017"
    },
    "BD3": {
        "name": "2015 ATB QTR 100-COIN BAG - BL RDG (S)",
        "program": "Rolls & Bags & Boxes",
        "sales": 4979,
        "firstSeen": "10/18/2015",
        "latestData": "11/6/2017"
    },
    "AX1": {
        "name": "2015 TRUMAN COIN & CHRONICLES SET",
        "program": "Special Collectibles",
        "sales": 16812,
        "firstSeen": "10/18/2015",
        "latestData": "1/3/2016"
    },
    "NF7": {
        "name": "2015 ATB QTR 3-COIN SET - BL RDG",
        "program": "Special Collectibles",
        "sales": 17165,
        "firstSeen": "10/18/2015",
        "latestData": "11/6/2017"
    },
    "SN3": {
        "name": "2015 ATB SILVER UNC 5 OZ - BL RDG",
        "program": "Precious Metal Products",
        "sales": 17461,
        "firstSeen": "10/18/2015",
        "latestData": "1/3/2016"
    },
    "JP7": {
        "name": "2015 PRES $1 & FS MDL SET - KENNEDY",
        "program": "Special Collectibles",
        "sales": 24183,
        "firstSeen": "10/18/2015",
        "latestData": "1/3/2016"
    },
    "P55": {
        "name": "2015 PRES $1 COIN COVER - KENNEDY",
        "program": "Special Collectibles",
        "sales": 24482,
        "firstSeen": "10/18/2015",
        "latestData": "3/5/2018"
    },
    "XE9": {
        "name": "2015 PRES $1 UNC SET",
        "program": "Annual Sets",
        "sales": 67088,
        "firstSeen": "10/18/2015",
        "latestData": "3/5/2018"
    },
    "UH8": {
        "name": "UHR 24K GOLD",
        "program": "Precious Metal Products",
        "sales": 49325,
        "firstSeen": "10/18/2015",
        "latestData": "3/20/2016"
    },
    "AX2": {
        "name": "2015 EISENHWR COIN & CHRONICLES SET",
        "program": "Special Collectibles",
        "sales": 16744,
        "firstSeen": "10/18/2015",
        "latestData": "1/3/2016"
    },
    "LJ1": {
        "name": "2015 PRES $1 25-COIN ROLL - JOHNSON (P)",
        "program": "Rolls & Bags & Boxes",
        "sales": 40000,
        "firstSeen": "10/18/2015",
        "latestData": "1/3/2016"
    },
    "LJ2": {
        "name": "2015 PRES $1 25-COIN ROLL - JOHNSON (D)",
        "program": "Rolls & Bags & Boxes",
        "sales": 37742,
        "firstSeen": "10/18/2015",
        "latestData": "1/3/2016"
    },
    "LJ3": {
        "name": "2015 PRES $1 250-COIN BOX - JOHNSON (P)",
        "program": "Rolls & Bags & Boxes",
        "sales": 4688,
        "firstSeen": "10/18/2015",
        "latestData": "3/5/2018"
    },
    "LJ4": {
        "name": "2015 PRES $1 250-COIN BOX - JOHNSON (D)",
        "program": "Rolls & Bags & Boxes",
        "sales": 6299,
        "firstSeen": "10/18/2015",
        "latestData": "3/5/2018"
    },
    "LJ5": {
        "name": "2015 PRES $1 100-COIN BAG - JOHNSON (P)",
        "program": "Rolls & Bags & Boxes",
        "sales": 1929,
        "firstSeen": "10/18/2015",
        "latestData": "3/5/2018"
    },
    "LJ6": {
        "name": "2015 PRES $1 100-COIN BAG - JOHNSON (D)",
        "program": "Rolls & Bags & Boxes",
        "sales": 1705,
        "firstSeen": "10/18/2015",
        "latestData": "3/5/2018"
    },
    "15RA": {
        "name": "2015 COIN & CURRENCY SET",
        "program": "Special Collectibles",
        "sales": 88805,
        "firstSeen": "10/18/2015",
        "latestData": "8/28/2016"
    },
    "JQ7": {
        "name": "2015 FS GOLD PROOF 1/2 OZ - JOHNSON",
        "program": "First Spouse",
        "sales": 2653,
        "firstSeen": "10/18/2015",
        "latestData": "4/24/2017"
    },
    "JQ8": {
        "name": "2015 FS GOLD UNC 1/2 OZ - JOHNSON",
        "program": "First Spouse",
        "sales": 1927,
        "firstSeen": "10/18/2015",
        "latestData": "3/5/2018"
    },
    "JP8": {
        "name": "2015 PRES $1 & FS MDL SET - JOHNSON",
        "program": "Special Collectibles",
        "sales": 8562,
        "firstSeen": "10/18/2015",
        "latestData": "3/5/2018"
    },
    "AX3": {
        "name": "2015 KENNEDY COIN & CHRONICLES SET",
        "program": "Special Collectibles",
        "sales": 49051,
        "firstSeen": "10/18/2015",
        "latestData": "1/3/2016"
    },
    "P56": {
        "name": "2015 PRES $1 COIN COVER - JOHNSON",
        "program": "Special Collectibles",
        "sales": 13606,
        "firstSeen": "10/18/2015",
        "latestData": "3/5/2018"
    },
    "BZ1": {
        "name": "2015 ATB QTR 100-COIN BAG - BOMBAY (P)",
        "program": "Rolls & Bags & Boxes",
        "sales": 2214,
        "firstSeen": "10/18/2015",
        "latestData": "9/26/2016"
    },
    "BZ2": {
        "name": "2015 ATB QTR 100-COIN BAG - BOMBAY (D)",
        "program": "Rolls & Bags & Boxes",
        "sales": 2202,
        "firstSeen": "10/18/2015",
        "latestData": "9/26/2016"
    },
    "BZ3": {
        "name": "2015 ATB QTR 100-COIN BAG - BOMBAY (S)",
        "program": "Rolls & Bags & Boxes",
        "sales": 4634,
        "firstSeen": "10/18/2015",
        "latestData": "9/26/2016"
    },
    "BZ4": {
        "name": "2015 ATB QTR 2-ROLL SET - BOMBAY (P&D)",
        "program": "Rolls & Bags & Boxes",
        "sales": 7621,
        "firstSeen": "10/18/2015",
        "latestData": "9/26/2016"
    },
    "BZ5": {
        "name": "2015 ATB QTR 40-COIN ROLL - BOMBAY (S)",
        "program": "Rolls & Bags & Boxes",
        "sales": 4455,
        "firstSeen": "10/18/2015",
        "latestData": "9/26/2016"
    },
    "BZ6": {
        "name": "2015 ATB QTR 3-ROLL SET - BOMBAY (P&D&S)",
        "program": "Rolls & Bags & Boxes",
        "sales": 9308,
        "firstSeen": "10/18/2015",
        "latestData": "9/26/2016"
    },
    "NF8": {
        "name": "2015 ATB QTR 3-COIN SET - BOMBAY",
        "program": "Special Collectibles",
        "sales": 13400,
        "firstSeen": "10/18/2015",
        "latestData": "11/6/2017"
    },
    "SN4": {
        "name": "2015 ATB SILVER UNC 5 OZ - BOMBAY",
        "program": "Precious Metal Products",
        "sales": 17309,
        "firstSeen": "10/18/2015",
        "latestData": "3/20/2016"
    },
    "DE1": {
        "name": "2015 PRES $1 CIRC SET (P)",
        "program": "Annual Sets",
        "sales": 14901,
        "firstSeen": "10/25/2015",
        "latestData": "3/5/2018"
    },
    "DE2": {
        "name": "2015 PRES $1 CIRC SET (D)",
        "program": "Annual Sets",
        "sales": 11711,
        "firstSeen": "10/25/2015",
        "latestData": "3/5/2018"
    },
    "AX4": {
        "name": "2015 JOHNSON COIN & CHRONICLES SET",
        "program": "Special Collectibles",
        "sales": 23905,
        "firstSeen": "11/2/2015",
        "latestData": "1/3/2016"
    },
    "NE1": {
        "name": "2015 ATB QTR CIRC SET",
        "program": "Annual Sets",
        "sales": 22356,
        "firstSeen": "11/23/2015",
        "latestData": "11/6/2017"
    },
    "NF9": {
        "name": "2015 ATB QTR 3-COIN SET - SARATG",
        "program": "Special Collectibles",
        "sales": 14950,
        "firstSeen": "12/7/2015",
        "latestData": "11/6/2017"
    },
    "PM8": {
        "name": "2015 AM EAGLE PLATINUM PROOF 1 OZ",
        "program": "Precious Metal Products",
        "sales": 3881,
        "firstSeen": "12/7/2015",
        "latestData": "1/3/2016"
    },
    "SN5": {
        "name": "2015 ATB SILVER UNC 5 OZ - SARATG",
        "program": "Precious Metal Products",
        "sales": 17563,
        "firstSeen": "12/7/2015",
        "latestData": "3/20/2016"
    },
    "ST1": {
        "name": "2015 ATB QTR 100-COIN BAG - SARATG (P)",
        "program": "Rolls & Bags & Boxes",
        "sales": 2259,
        "firstSeen": "12/7/2015",
        "latestData": "1/3/2017"
    },
    "ST2": {
        "name": "2015 ATB QTR 100-COIN BAG - SARATG (D)",
        "program": "Rolls & Bags & Boxes",
        "sales": 2212,
        "firstSeen": "12/7/2015",
        "latestData": "1/3/2017"
    },
    "ST3": {
        "name": "2015 ATB QTR 100-COIN BAG - SARATG (S)",
        "program": "Rolls & Bags & Boxes",
        "sales": 4869,
        "firstSeen": "12/7/2015",
        "latestData": "1/3/2017"
    },
    "ST4": {
        "name": "2015 ATB QTR 2-ROLL SET - SARATG (P&D)",
        "program": "Rolls & Bags & Boxes",
        "sales": 7541,
        "firstSeen": "12/7/2015",
        "latestData": "1/3/2017"
    },
    "ST5": {
        "name": "2015 ATB QTR 40-COIN ROLL - SARATG (S)",
        "program": "Rolls & Bags & Boxes",
        "sales": 4542,
        "firstSeen": "12/7/2015",
        "latestData": "1/3/2017"
    },
    "ST6": {
        "name": "2015 ATB QTR 3-ROLL SET - SARATG (P&D&S)",
        "program": "Rolls & Bags & Boxes",
        "sales": 9423,
        "firstSeen": "12/7/2015",
        "latestData": "1/3/2017"
    },
    "16RD": {
        "name": "2016 BIRTH SET",
        "program": "Special Collectibles",
        "sales": 29707,
        "firstSeen": "1/10/2016",
        "latestData": "1/3/2017"
    },
    "16RE": {
        "name": "2016 HAPPY BIRTHDAY SET",
        "program": "Special Collectibles",
        "sales": 16884,
        "firstSeen": "1/10/2016",
        "latestData": "3/5/2018"
    },
    "16CH": {
        "name": "2016 MARK TWAIN GOLD PROOF",
        "program": "Commemoratives",
        "sales": 13266,
        "firstSeen": "1/17/2016",
        "latestData": "12/11/2017"
    },
    "16CJ": {
        "name": "2016 MARK TWAIN GOLD UNC",
        "program": "Commemoratives",
        "sales": 5695,
        "firstSeen": "1/17/2016",
        "latestData": "12/11/2017"
    },
    "16NA": {
        "name": "2016 NA $1 25-COIN ROLL (P)",
        "program": "Rolls & Bags & Boxes",
        "sales": 17890,
        "firstSeen": "1/31/2016",
        "latestData": "3/5/2018"
    },
    "16NB": {
        "name": "2016 NA $1 100-COIN BAG (D)",
        "program": "Rolls & Bags & Boxes",
        "sales": 17434,
        "firstSeen": "1/31/2016",
        "latestData": "3/5/2018"
    },
    "16NC": {
        "name": "2016 NA $1 250-COIN BOX (P)",
        "program": "Rolls & Bags & Boxes",
        "sales": 1955,
        "firstSeen": "1/31/2016",
        "latestData": "3/5/2018"
    },
    "16ND": {
        "name": "2016 NA $1 250-COIN BOX (D)",
        "program": "Rolls & Bags & Boxes",
        "sales": 2138,
        "firstSeen": "1/31/2016",
        "latestData": "3/5/2018"
    },
    "16NE": {
        "name": "2016 NA $1 100-COIN BAG (P)",
        "program": "Rolls & Bags & Boxes",
        "sales": 2221,
        "firstSeen": "1/31/2016",
        "latestData": "3/5/2018"
    },
    "16NF": {
        "name": "2016 NA $1 25-COIN ROLL (D)",
        "program": "Rolls & Bags & Boxes",
        "sales": 2131,
        "firstSeen": "1/31/2016",
        "latestData": "3/5/2018"
    },
    "16ABA": {
        "name": "2016 ATB QTR 100-COIN BAG - SHAWNEE (P)",
        "program": "Rolls & Bags & Boxes",
        "sales": 2288,
        "firstSeen": "2/7/2016",
        "latestData": "3/5/2018"
    },
    "16ABB": {
        "name": "2016 ATB QTR 100-COIN BAG - SHAWNEE (D)",
        "program": "Rolls & Bags & Boxes",
        "sales": 2235,
        "firstSeen": "2/7/2016",
        "latestData": "3/5/2018"
    },
    "16ABC": {
        "name": "2016 ATB QTR 100-COIN BAG - SHAWNEE (S)",
        "program": "Rolls & Bags & Boxes",
        "sales": 4894,
        "firstSeen": "2/7/2016",
        "latestData": "3/5/2018"
    },
    "16ARA": {
        "name": "2016 ATB QTR 2-ROLL SET - SHAWNEE (P&D)",
        "program": "Rolls & Bags & Boxes",
        "sales": 7680,
        "firstSeen": "2/7/2016",
        "latestData": "3/5/2018"
    },
    "16ARB": {
        "name": "2016 ATB QTR 40-COIN ROLL - SHAWNEE (S)",
        "program": "Rolls & Bags & Boxes",
        "sales": 4581,
        "firstSeen": "2/7/2016",
        "latestData": "3/5/2018"
    },
    "16ARC": {
        "name": "2016 ATB QTR 3-ROLL SET - SHAWNEE (P&D&S)",
        "program": "Rolls & Bags & Boxes",
        "sales": 9845,
        "firstSeen": "2/7/2016",
        "latestData": "3/5/2018"
    },
    "16CK": {
        "name": "2016 MARK TWAIN SILVER PROOF",
        "program": "Commemoratives",
        "sales": 78536,
        "firstSeen": "2/7/2016",
        "latestData": "12/11/2017"
    },
    "16CL": {
        "name": "2016 MARK TWAIN SILVER UNC",
        "program": "Commemoratives",
        "sales": 26281,
        "firstSeen": "2/7/2016",
        "latestData": "12/11/2017"
    },
    "16PG": {
        "name": "2016 PRES $1 25-COIN ROLL - NIXON (P)",
        "program": "Rolls & Bags & Boxes",
        "sales": 46037,
        "firstSeen": "2/7/2016",
        "latestData": "3/5/2018"
    },
    "16PH": {
        "name": "2016 PRES $1 25-COIN ROLL - NIXON (D)",
        "program": "Rolls & Bags & Boxes",
        "sales": 40045,
        "firstSeen": "2/7/2016",
        "latestData": "3/5/2018"
    },
    "16PJ": {
        "name": "2016 PRES $1 250-COIN BOX - NIXON (P)",
        "program": "Rolls & Bags & Boxes",
        "sales": 5230,
        "firstSeen": "2/7/2016",
        "latestData": "3/5/2018"
    },
    "16PK": {
        "name": "2016 PRES $1 250-COIN BOX - NIXON (D)",
        "program": "Rolls & Bags & Boxes",
        "sales": 5143,
        "firstSeen": "2/7/2016",
        "latestData": "3/5/2018"
    },
    "16PL": {
        "name": "2016 PRES $1 100-COIN BAG - NIXON (P)",
        "program": "Rolls & Bags & Boxes",
        "sales": 2822,
        "firstSeen": "2/7/2016",
        "latestData": "3/5/2018"
    },
    "16PM": {
        "name": "2016 PRES $1 100-COIN BAG - NIXON (D)",
        "program": "Rolls & Bags & Boxes",
        "sales": 1387,
        "firstSeen": "2/7/2016",
        "latestData": "3/5/2018"
    },
    "16P3": {
        "name": "2016 PRES $1 PROOF SET",
        "program": "Annual Sets",
        "sales": 231549,
        "firstSeen": "2/21/2016",
        "latestData": "3/5/2018"
    },
    "16SA": {
        "name": "2016 FS GOLD PROOF 1/2 OZ - NIXON",
        "program": "First Spouse",
        "sales": 2645,
        "firstSeen": "2/21/2016",
        "latestData": "3/5/2018"
    },
    "16SB": {
        "name": "2016 FS GOLD UNC 1/2 OZ - NIXON",
        "program": "First Spouse",
        "sales": 1839,
        "firstSeen": "2/21/2016",
        "latestData": "3/5/2018"
    },
    "16AD": {
        "name": "2016 ATB QTR 3-COIN SET - SHAWNEE",
        "program": "Special Collectibles",
        "sales": 15459,
        "firstSeen": "2/28/2016",
        "latestData": "12/31/2018"
    },
    "16AP": {
        "name": "2016 ATB QTR PROOF SET",
        "program": "Annual Sets",
        "sales": 91674,
        "firstSeen": "2/28/2016",
        "latestData": "12/31/2018"
    },
    "16KA": {
        "name": "2016 HALF-DOLLAR 200-COIN BAG (P&D)",
        "program": "Rolls & Bags & Boxes",
        "sales": 11393,
        "firstSeen": "2/28/2016",
        "latestData": "3/5/2018"
    },
    "16KB": {
        "name": "2016 HALF-DOLLAR 2-ROLL SET (P&D)",
        "program": "Rolls & Bags & Boxes",
        "sales": 23491,
        "firstSeen": "2/28/2016",
        "latestData": "3/5/2018"
    },
    "16AJ": {
        "name": "2016 ATB SILVER UNC 5 OZ - SHAWNEE",
        "program": "Precious Metal Products",
        "sales": 18781,
        "firstSeen": "2/28/2016",
        "latestData": "10/3/2016"
    },
    "16FA": {
        "name": "2016 PRES $1 COIN COVER - NIXON",
        "program": "Special Collectibles",
        "sales": 14674,
        "firstSeen": "3/6/2016",
        "latestData": "3/5/2018"
    },
    "16PD": {
        "name": "2016 PRES $1 & FS MDL SET - NIXON",
        "program": "Special Collectibles",
        "sales": 8426,
        "firstSeen": "3/6/2016",
        "latestData": "3/5/2018"
    },
    "16AQ": {
        "name": "2016 ATB QTR SILVER PROOF SET",
        "program": "Annual Sets",
        "sales": 95709,
        "firstSeen": "3/13/2016",
        "latestData": "11/26/2018"
    },
    "16PN": {
        "name": "2016 PRES $1 25-COIN ROLL - FORD (P)",
        "program": "Rolls & Bags & Boxes",
        "sales": 44268,
        "firstSeen": "3/13/2016",
        "latestData": "3/5/2018"
    },
    "16PP": {
        "name": "2016 PRES $1 25-COIN ROLL - FORD (D)",
        "program": "Rolls & Bags & Boxes",
        "sales": 39551,
        "firstSeen": "3/13/2016",
        "latestData": "3/5/2018"
    },
    "16PQ": {
        "name": "2016 PRES $1 250-COIN BOX - FORD (P)",
        "program": "Rolls & Bags & Boxes",
        "sales": 4878,
        "firstSeen": "3/13/2016",
        "latestData": "3/5/2018"
    },
    "16PR": {
        "name": "2016 PRES $1 250-COIN BOX - FORD (D)",
        "program": "Rolls & Bags & Boxes",
        "sales": 4775,
        "firstSeen": "3/13/2016",
        "latestData": "3/5/2018"
    },
    "16PS": {
        "name": "2016 PRES $1 100-COIN BAG - FORD (P)",
        "program": "Rolls & Bags & Boxes",
        "sales": 2676,
        "firstSeen": "3/13/2016",
        "latestData": "3/5/2018"
    },
    "16PT": {
        "name": "2016 PRES $1 100-COIN BAG - FORD (D)",
        "program": "Rolls & Bags & Boxes",
        "sales": 1186,
        "firstSeen": "3/13/2016",
        "latestData": "3/5/2018"
    },
    "16EB": {
        "name": "2016 AM EAGLE GOLD PROOF 1 OZ",
        "program": "Precious Metal Products",
        "sales": 26374,
        "firstSeen": "3/20/2016",
        "latestData": "3/31/2025"
    },
    "16EC": {
        "name": "2016 AM EAGLE GOLD PROOF 1/2 OZ",
        "program": "Precious Metal Products",
        "sales": 6314,
        "firstSeen": "3/20/2016",
        "latestData": "12/31/2018"
    },
    "16ED": {
        "name": "2016 AM EAGLE GOLD PROOF 1/4 OZ",
        "program": "Precious Metal Products",
        "sales": 7135,
        "firstSeen": "3/20/2016",
        "latestData": "1/30/2017"
    },
    "16EE": {
        "name": "2016 AM EAGLE GOLD PROOF 1/10 OZ",
        "program": "Precious Metal Products",
        "sales": 21619,
        "firstSeen": "3/20/2016",
        "latestData": "1/3/2017"
    },
    "16EF": {
        "name": "2016 AM EAGLE GOLD PROOF 4-COIN SET",
        "program": "Precious Metal Products",
        "sales": 17270,
        "firstSeen": "3/20/2016",
        "latestData": "11/6/2017"
    },
    "16CA": {
        "name": "2016 NATIONAL PARK SERVICE GOLD PROOF",
        "program": "Commemoratives",
        "sales": 4916,
        "firstSeen": "3/27/2016",
        "latestData": "12/11/2017"
    },
    "16CB": {
        "name": "2016 NATIONAL PARK SERVICE GOLD UNC",
        "program": "Commemoratives",
        "sales": 5150,
        "firstSeen": "3/27/2016",
        "latestData": "12/11/2017"
    },
    "16CC": {
        "name": "2016 NATIONAL PARK SERVICE SILVER PROOF",
        "program": "Commemoratives",
        "sales": 62719,
        "firstSeen": "3/27/2016",
        "latestData": "12/11/2017"
    },
    "16CD": {
        "name": "2016 NATIONAL PARK SERVICE SILVER UNC",
        "program": "Commemoratives",
        "sales": 20994,
        "firstSeen": "3/27/2016",
        "latestData": "12/11/2017"
    },
    "16CE": {
        "name": "2016 NATIONAL PARK SERVICE CLAD PROOF",
        "program": "Commemoratives",
        "sales": 40254,
        "firstSeen": "3/27/2016",
        "latestData": "12/11/2017"
    },
    "16CF": {
        "name": "2016 NATIONAL PARK SERVICE CLAD UNC",
        "program": "Commemoratives",
        "sales": 21019,
        "firstSeen": "3/27/2016",
        "latestData": "12/11/2017"
    },
    "16CG": {
        "name": "2016 NATIONAL PARK SERVICE 3-COIN SET",
        "program": "Commemoratives",
        "sales": 14590,
        "firstSeen": "3/27/2016",
        "latestData": "12/11/2017"
    },
    "16SC": {
        "name": "2016 FS GOLD PROOF 1/2 OZ - FORD",
        "program": "First Spouse",
        "sales": 2471,
        "firstSeen": "3/27/2016",
        "latestData": "3/5/2018"
    },
    "16SD": {
        "name": "2016 FS GOLD UNC 1/2 OZ - FORD",
        "program": "First Spouse",
        "sales": 1824,
        "firstSeen": "3/27/2016",
        "latestData": "3/5/2018"
    },
    "16P2": {
        "name": "2016 PRES $1 UNC SET",
        "program": "Annual Sets",
        "sales": 55047,
        "firstSeen": "4/3/2016",
        "latestData": "6/19/2017"
    },
    "16AA": {
        "name": "2016 ATB QTR UNC SET",
        "program": "Annual Sets",
        "sales": 29559,
        "firstSeen": "4/3/2016",
        "latestData": "1/3/2017"
    },
    "16EL": {
        "name": "2016 AM BUFFALO GOLD PROOF 1 OZ",
        "program": "Precious Metal Products",
        "sales": 21878,
        "firstSeen": "4/3/2016",
        "latestData": "1/3/2017"
    },
    "16RG": {
        "name": "2016 PROOF SET",
        "program": "Annual Sets",
        "sales": 595184,
        "firstSeen": "4/3/2016",
        "latestData": "6/19/2017"
    },
    "16ABD": {
        "name": "2016 ATB QTR 100-COIN BAG - CMBRLND (P)",
        "program": "Rolls & Bags & Boxes",
        "sales": 2339,
        "firstSeen": "4/10/2016",
        "latestData": "3/5/2018"
    },
    "16ABE": {
        "name": "2016 ATB QTR 100-COIN BAG - CMBRLND (D)",
        "program": "Rolls & Bags & Boxes",
        "sales": 2270,
        "firstSeen": "4/10/2016",
        "latestData": "3/5/2018"
    },
    "16ABF": {
        "name": "2016 ATB QTR 100-COIN BAG - CMBRLND (S)",
        "program": "Rolls & Bags & Boxes",
        "sales": 4634,
        "firstSeen": "4/10/2016",
        "latestData": "3/5/2018"
    },
    "16ARD": {
        "name": "2016 ATB QTR 2-ROLL SET - CMBRLND (P&D)",
        "program": "Rolls & Bags & Boxes",
        "sales": 7500,
        "firstSeen": "4/10/2016",
        "latestData": "3/5/2018"
    },
    "16ARE": {
        "name": "2016 ATB QTR 40-COIN ROLL - CMBRLND (S)",
        "program": "Rolls & Bags & Boxes",
        "sales": 4479,
        "firstSeen": "4/10/2016",
        "latestData": "3/5/2018"
    },
    "16ARF": {
        "name": "2016 ATB QTR 3-ROLL SET - CMBRLND (P&D&S)",
        "program": "Rolls & Bags & Boxes",
        "sales": 9464,
        "firstSeen": "4/10/2016",
        "latestData": "3/5/2018"
    },
    "16EH": {
        "name": "2016 AM EAGLE GOLD UNC 1 OZ",
        "program": "Precious Metal Products",
        "sales": 6887,
        "firstSeen": "4/10/2016",
        "latestData": "1/3/2017"
    },
    "16PE": {
        "name": "2016 PRES $1 & FS MDL SET - FORD",
        "program": "Special Collectibles",
        "sales": 7198,
        "firstSeen": "4/10/2016",
        "latestData": "3/5/2018"
    },
    "16RH": {
        "name": "2016 SILVER PROOF SET",
        "program": "Annual Sets",
        "sales": 369849,
        "firstSeen": "4/24/2016",
        "latestData": "6/19/2017"
    },
    "16XB": {
        "name": "2016 MERCURY DIME 24K GOLD .1OZ",
        "program": "Precious Metal Products",
        "sales": 124885,
        "firstSeen": "4/24/2016",
        "latestData": "4/24/2017"
    },
    "16AE": {
        "name": "2016 ATB QTR 3-COIN SET - CMBRLND",
        "program": "Special Collectibles",
        "sales": 14957,
        "firstSeen": "5/8/2016",
        "latestData": "12/31/2018"
    },
    "16AK": {
        "name": "2016 ATB SILVER UNC 5 OZ - CMBRLND",
        "program": "Precious Metal Products",
        "sales": 18719,
        "firstSeen": "5/8/2016",
        "latestData": "3/31/2025"
    },
    "16FB": {
        "name": "2016 PRES $1 COIN COVER - FORD",
        "program": "Special Collectibles",
        "sales": 12781,
        "firstSeen": "5/22/2016",
        "latestData": "12/31/2018"
    },
    "16RJ": {
        "name": "2016 UNC SET",
        "program": "Annual Sets",
        "sales": 296582,
        "firstSeen": "5/22/2016",
        "latestData": "11/26/2018"
    },
    "16ABG": {
        "name": "2016 ATB QTR 100-COIN BAG - HARP FRY (P)",
        "program": "Rolls & Bags & Boxes",
        "sales": 2235,
        "firstSeen": "6/12/2016",
        "latestData": "3/5/2018"
    },
    "16ABH": {
        "name": "2016 ATB QTR 100-COIN BAG - HARP FRY (D)",
        "program": "Rolls & Bags & Boxes",
        "sales": 2183,
        "firstSeen": "6/12/2016",
        "latestData": "3/5/2018"
    },
    "16ABJ": {
        "name": "2016 ATB QTR 100-COIN BAG - HARP FRY (S)",
        "program": "Rolls & Bags & Boxes",
        "sales": 4766,
        "firstSeen": "6/12/2016",
        "latestData": "3/5/2018"
    },
    "16ARG": {
        "name": "2016 ATB QTR 2-ROLL SET - HARP FRY (P&D)",
        "program": "Rolls & Bags & Boxes",
        "sales": 7698,
        "firstSeen": "6/12/2016",
        "latestData": "3/5/2018"
    },
    "16ARH": {
        "name": "2016 ATB QTR 40-COIN ROLL - HARP FRY (S)",
        "program": "Rolls & Bags & Boxes",
        "sales": 4502,
        "firstSeen": "6/12/2016",
        "latestData": "3/5/2018"
    },
    "16ARJ": {
        "name": "2016 ATB QTR 3-ROLL SET - HARP FRY (P&D&S)",
        "program": "Rolls & Bags & Boxes",
        "sales": 9479,
        "firstSeen": "6/12/2016",
        "latestData": "3/5/2018"
    },
    "16RA": {
        "name": "2016 AMERICAN $1 COIN & CURRENCY SET",
        "program": "Special Collectibles",
        "sales": 50737,
        "firstSeen": "6/19/2016",
        "latestData": "3/5/2018"
    },
    "16EJ": {
        "name": "2016 AM EAGLE PLATINUM PROOF 1 OZ",
        "program": "Precious Metal Products",
        "sales": 9151,
        "firstSeen": "7/4/2016",
        "latestData": "1/30/2017"
    },
    "16SE": {
        "name": "2016 FS GOLD PROOF 1/2 OZ - REAGAN",
        "program": "First Spouse",
        "sales": 3548,
        "firstSeen": "7/4/2016",
        "latestData": "3/5/2018"
    },
    "16SF": {
        "name": "2016 FS GOLD UNC 1/2 OZ - REAGAN",
        "program": "First Spouse",
        "sales": 2009,
        "firstSeen": "7/4/2016",
        "latestData": "3/5/2018"
    },
    "16PU": {
        "name": "2016 PRES $1 25-COIN ROLL - REAGAN (P)",
        "program": "Rolls & Bags & Boxes",
        "sales": 46392,
        "firstSeen": "7/4/2016",
        "latestData": "3/5/2018"
    },
    "16PV": {
        "name": "2016 PRES $1 25-COIN ROLL - REAGAN (D)",
        "program": "Rolls & Bags & Boxes",
        "sales": 42684,
        "firstSeen": "7/4/2016",
        "latestData": "3/5/2018"
    },
    "16PW": {
        "name": "2016 PRES $1 250-COIN BOX - REAGAN (P)",
        "program": "Rolls & Bags & Boxes",
        "sales": 7769,
        "firstSeen": "7/4/2016",
        "latestData": "3/5/2018"
    },
    "16PX": {
        "name": "2016 PRES $1 250-COIN BOX - REAGAN (D)",
        "program": "Rolls & Bags & Boxes",
        "sales": 6951,
        "firstSeen": "7/4/2016",
        "latestData": "3/5/2018"
    },
    "16PY": {
        "name": "2016 PRES $1 100-COIN BAG - REAGAN (P)",
        "program": "Rolls & Bags & Boxes",
        "sales": 2452,
        "firstSeen": "7/4/2016",
        "latestData": "3/5/2018"
    },
    "16PZ": {
        "name": "2016 PRES $1 100-COIN BAG - REAGAN (D)",
        "program": "Rolls & Bags & Boxes",
        "sales": 2249,
        "firstSeen": "7/4/2016",
        "latestData": "3/5/2018"
    },
    "16PF": {
        "name": "2016 PRES $1 & FS MDL SET - REAGAN",
        "program": "Special Collectibles",
        "sales": 15649,
        "firstSeen": "7/10/2016",
        "latestData": "3/5/2018"
    },
    "16AF": {
        "name": "2016 ATB QTR 3-COIN SET - HARP FRY",
        "program": "Special Collectibles",
        "sales": 14329,
        "firstSeen": "7/17/2016",
        "latestData": "12/31/2018"
    },
    "16AL": {
        "name": "2016 ATB SILVER UNC 5 OZ - HARP FRY",
        "program": "Precious Metal Products",
        "sales": 18896,
        "firstSeen": "7/17/2016",
        "latestData": "1/30/2017"
    },
    "16PB": {
        "name": "2016 PRES $1 CIRC SET (P)",
        "program": "Annual Sets",
        "sales": 9717,
        "firstSeen": "8/14/2016",
        "latestData": "6/19/2017"
    },
    "16PC": {
        "name": "2016 PRES $1 CIRC SET (D)",
        "program": "Annual Sets",
        "sales": 7026,
        "firstSeen": "8/14/2016",
        "latestData": "1/3/2017"
    },
    "16FC": {
        "name": "2016 PRES $1 COIN COVER - REAGAN",
        "program": "Special Collectibles",
        "sales": 20199,
        "firstSeen": "8/21/2016",
        "latestData": "3/5/2018"
    },
    "UH10": {
        "name": "2016 AMERICAN LIBERTY SILVER MEDAL (S)",
        "program": "Precious Metal Products",
        "sales": 12176,
        "firstSeen": "8/28/2016",
        "latestData": "1/30/2017"
    },
    "UH9": {
        "name": "2016 AMERICAN LIBERTY SILVER MEDAL (WP)",
        "program": "Precious Metal Products",
        "sales": 12185,
        "firstSeen": "8/28/2016",
        "latestData": "3/31/2025"
    },
    "16ABK": {
        "name": "2016 ATB QTR 100-COIN BAG - ROOSEVLT (P)",
        "program": "Rolls & Bags & Boxes",
        "sales": 2410,
        "firstSeen": "9/4/2016",
        "latestData": "3/5/2018"
    },
    "16ABL": {
        "name": "2016 ATB QTR 100-COIN BAG - ROOSEVLT (D)",
        "program": "Rolls & Bags & Boxes",
        "sales": 2259,
        "firstSeen": "9/4/2016",
        "latestData": "3/5/2018"
    },
    "16ABM": {
        "name": "2016 ATB QTR 100-COIN BAG - ROOSEVLT (S)",
        "program": "Rolls & Bags & Boxes",
        "sales": 4863,
        "firstSeen": "9/4/2016",
        "latestData": "3/5/2018"
    },
    "16ARK": {
        "name": "2016 ATB QTR 2-ROLL SET - ROOSEVLT (P&D)",
        "program": "Rolls & Bags & Boxes",
        "sales": 7598,
        "firstSeen": "9/4/2016",
        "latestData": "3/5/2018"
    },
    "16ARL": {
        "name": "2016 ATB QTR 40-COIN ROLL - ROOSEVLT (S)",
        "program": "Rolls & Bags & Boxes",
        "sales": 4652,
        "firstSeen": "9/4/2016",
        "latestData": "3/5/2018"
    },
    "16ARM": {
        "name": "2016 ATB QTR 3-ROLL SET - ROOSEVLT (P&D&S)",
        "program": "Rolls & Bags & Boxes",
        "sales": 9616,
        "firstSeen": "9/4/2016",
        "latestData": "3/5/2018"
    },
    "16XC": {
        "name": "2016 STANDING LIBERTY 24K GOLD .25OZ",
        "program": "Precious Metal Products",
        "sales": 91752,
        "firstSeen": "9/11/2016",
        "latestData": "3/5/2018"
    },
    "16EA": {
        "name": "2016 AM EAGLE SILVER PROOF 1 OZ",
        "program": "Precious Metal Products",
        "sales": 595664,
        "firstSeen": "9/26/2016",
        "latestData": "12/31/2018"
    },
    "16AG": {
        "name": "2016 ATB QTR 3-COIN SET - ROOSEVLT",
        "program": "Special Collectibles",
        "sales": 16048,
        "firstSeen": "10/10/2016",
        "latestData": "12/31/2018"
    },
    "16AM": {
        "name": "2016 ATB SILVER UNC 5 OZ - ROOSEVLT",
        "program": "Precious Metal Products",
        "sales": 18917,
        "firstSeen": "10/10/2016",
        "latestData": "12/5/2016"
    },
    "16PA": {
        "name": "2016 REAGAN COIN & CHRONICLES SET",
        "program": "Special Collectibles",
        "sales": 47447,
        "firstSeen": "10/17/2016",
        "latestData": "3/5/2018"
    },
    "16ABN": {
        "name": "2016 ATB QTR 100-COIN BAG - FT MLTR (P)",
        "program": "Rolls & Bags & Boxes",
        "sales": 2260,
        "firstSeen": "11/21/2016",
        "latestData": "3/5/2018"
    },
    "16ABP": {
        "name": "2016 ATB QTR 100-COIN BAG - FT MLTR (D)",
        "program": "Rolls & Bags & Boxes",
        "sales": 2187,
        "firstSeen": "11/21/2016",
        "latestData": "3/5/2018"
    },
    "16ABQ": {
        "name": "2016 ATB QTR 100-COIN BAG - FT MLTR (S)",
        "program": "Rolls & Bags & Boxes",
        "sales": 4433,
        "firstSeen": "11/21/2016",
        "latestData": "3/5/2018"
    },
    "16ARN": {
        "name": "2016 ATB QTR 2-ROLL SET - FT MLTR (P&D)",
        "program": "Rolls & Bags & Boxes",
        "sales": 7023,
        "firstSeen": "11/21/2016",
        "latestData": "3/5/2018"
    },
    "16ARP": {
        "name": "2016 ATB QTR 40-COIN ROLL - FT MLTR (S)",
        "program": "Rolls & Bags & Boxes",
        "sales": 4191,
        "firstSeen": "11/21/2016",
        "latestData": "3/5/2018"
    },
    "16ARQ": {
        "name": "2016 ATB QTR 3-ROLL SET - FT MLTR (P&D&S)",
        "program": "Rolls & Bags & Boxes",
        "sales": 8883,
        "firstSeen": "11/21/2016",
        "latestData": "3/5/2018"
    },
    "16XA": {
        "name": "2016 WALKING LIBERTY 24K GOLD .5OZ",
        "program": "Precious Metal Products",
        "sales": 65509,
        "firstSeen": "11/21/2016",
        "latestData": "3/5/2018"
    },
    "16AC": {
        "name": "2016 ATB QTR CIRC SET",
        "program": "Annual Sets",
        "sales": 23926,
        "firstSeen": "11/28/2016",
        "latestData": "12/31/2018"
    },
    "16RC": {
        "name": "2016 LIMITED EDITION SILVER PROOF SET",
        "program": "Special Collectibles",
        "sales": 49647,
        "firstSeen": "11/28/2016",
        "latestData": "11/26/2018"
    },
    "16EG": {
        "name": "2016 AM EAGLE SILVER UNC 1 OZ",
        "program": "Precious Metal Products",
        "sales": 216501,
        "firstSeen": "12/5/2016",
        "latestData": "3/5/2018"
    },
    "16RF": {
        "name": "2016 CONGRATULATIONS SET",
        "program": "Special Collectibles",
        "sales": 4135,
        "firstSeen": "12/5/2016",
        "latestData": "3/31/2025"
    },
    "16AH": {
        "name": "2016 ATB QTR 3-COIN SET - FT MLTR",
        "program": "Special Collectibles",
        "sales": 13283,
        "firstSeen": "12/12/2016",
        "latestData": "12/31/2018"
    },
    "16AN": {
        "name": "2016 ATB SILVER UNC 5 OZ - FT MLTR",
        "program": "Precious Metal Products",
        "sales": 17886,
        "firstSeen": "12/12/2016",
        "latestData": "3/31/2025"
    },
    "16RB": {
        "name": "2016 ANNUAL $1 UNC SET",
        "program": "Annual Sets",
        "sales": 19818,
        "firstSeen": "12/19/2016",
        "latestData": "11/6/2017"
    },
    "17AP": {
        "name": "2017 ATB QTR PROOF SET",
        "program": "Annual Sets",
        "sales": 88883,
        "firstSeen": "1/9/2017",
        "latestData": "12/31/2018"
    },
    "17RD": {
        "name": "2017 BIRTH SET",
        "program": "Special Collectibles",
        "sales": 34492,
        "firstSeen": "1/16/2017",
        "latestData": "12/31/2018"
    },
    "17RE": {
        "name": "2017 HAPPY BIRTHDAY SET",
        "program": "Special Collectibles",
        "sales": 18157,
        "firstSeen": "1/16/2017",
        "latestData": "12/31/2018"
    },
    "17CH": {
        "name": "2017 LIONS CLUBS SILVER PROOF",
        "program": "Commemoratives",
        "sales": 68519,
        "firstSeen": "1/23/2017",
        "latestData": "12/31/2018"
    },
    "17CJ": {
        "name": "2017 LIONS CLUBS SILVER UNC",
        "program": "Commemoratives",
        "sales": 17247,
        "firstSeen": "1/23/2017",
        "latestData": "12/31/2018"
    },
    "17NE": {
        "name": "2017 NA $1 100-COIN BAG (P)",
        "program": "Rolls & Bags & Boxes",
        "sales": 1907,
        "firstSeen": "1/30/2017",
        "latestData": "12/31/2018"
    },
    "17NF": {
        "name": "2017 NA $1 100-COIN BAG (D)",
        "program": "Rolls & Bags & Boxes",
        "sales": 1707,
        "firstSeen": "1/30/2017",
        "latestData": "12/31/2018"
    },
    "17NA": {
        "name": "2017 NA $1 25-COIN ROLL (P)",
        "program": "Rolls & Bags & Boxes",
        "sales": 16955,
        "firstSeen": "1/30/2017",
        "latestData": "12/31/2018"
    },
    "17NB": {
        "name": "2017 NA $1 25-COIN ROLL (D)",
        "program": "Rolls & Bags & Boxes",
        "sales": 16204,
        "firstSeen": "1/30/2017",
        "latestData": "12/31/2018"
    },
    "17NC": {
        "name": "2017 NA $1 250-COIN BOX (P)",
        "program": "Rolls & Bags & Boxes",
        "sales": 2105,
        "firstSeen": "1/30/2017",
        "latestData": "12/31/2018"
    },
    "17ND": {
        "name": "2017 NA $1 250-COIN BOX (D)",
        "program": "Rolls & Bags & Boxes",
        "sales": 2189,
        "firstSeen": "1/30/2017",
        "latestData": "12/31/2018"
    },
    "17ABA": {
        "name": "2017 ATB QTR 100-COIN BAG - EFF MNDS (P)",
        "program": "Rolls & Bags & Boxes",
        "sales": 2324,
        "firstSeen": "2/13/2017",
        "latestData": "11/26/2018"
    },
    "17ABB": {
        "name": "2017 ATB QTR 100-COIN BAG - EFF MNDS (D)",
        "program": "Rolls & Bags & Boxes",
        "sales": 2196,
        "firstSeen": "2/13/2017",
        "latestData": "12/31/2018"
    },
    "17ABC": {
        "name": "2017 ATB QTR 100-COIN BAG - EFF MNDS (S)",
        "program": "Rolls & Bags & Boxes",
        "sales": 4211,
        "firstSeen": "2/13/2017",
        "latestData": "11/26/2018"
    },
    "17AQ": {
        "name": "2017 ATB QTR SILVER PROOF SET",
        "program": "Annual Sets",
        "sales": 89588,
        "firstSeen": "2/13/2017",
        "latestData": "12/31/2018"
    },
    "17ARA": {
        "name": "2017 ATB QTR 2-ROLL SET - EFF MNDS (P&D)",
        "program": "Rolls & Bags & Boxes",
        "sales": 6924,
        "firstSeen": "2/13/2017",
        "latestData": "11/26/2018"
    },
    "17ARB": {
        "name": "2017 ATB QTR 40-COIN ROLL - EFF MNDS (S)",
        "program": "Rolls & Bags & Boxes",
        "sales": 3951,
        "firstSeen": "2/13/2017",
        "latestData": "12/31/2018"
    },
    "17ARC": {
        "name": "2017 ATB QTR 3-ROLL SET - EFF MNDS (P&D&S)",
        "program": "Rolls & Bags & Boxes",
        "sales": 8805,
        "firstSeen": "2/13/2017",
        "latestData": "11/26/2018"
    },
    "17KA": {
        "name": "2017 HALF-DOLLAR 200-COIN BAG (P&D)",
        "program": "Rolls & Bags & Boxes",
        "sales": 10238,
        "firstSeen": "2/27/2017",
        "latestData": "12/31/2018"
    },
    "17KB": {
        "name": "2017 HALF-DOLLAR 2-ROLL SET (P&D)",
        "program": "Rolls & Bags & Boxes",
        "sales": 23718,
        "firstSeen": "2/27/2017",
        "latestData": "12/31/2018"
    },
    "17AD": {
        "name": "2017 ATB QTR 3-COIN SET - EFF MNDS",
        "program": "Special Collectibles",
        "sales": 14516,
        "firstSeen": "3/6/2017",
        "latestData": "1/26/2020"
    },
    "17EB": {
        "name": "2017 AM EAGLE GOLD PROOF 1 OZ",
        "program": "Precious Metal Products",
        "sales": 9235,
        "firstSeen": "3/6/2017",
        "latestData": "12/31/2018"
    },
    "17EC": {
        "name": "2017 AM EAGLE GOLD PROOF 1/2 OZ",
        "program": "Precious Metal Products",
        "sales": 2896,
        "firstSeen": "3/6/2017",
        "latestData": "12/31/2018"
    },
    "17ED": {
        "name": "2017 AM EAGLE GOLD PROOF 1/4 OZ",
        "program": "Precious Metal Products",
        "sales": 4696,
        "firstSeen": "3/6/2017",
        "latestData": "12/31/2018"
    },
    "17EE": {
        "name": "2017 AM EAGLE GOLD PROOF 1/10 OZ",
        "program": "Precious Metal Products",
        "sales": 11163,
        "firstSeen": "3/6/2017",
        "latestData": "11/6/2017"
    },
    "17EF": {
        "name": "2017 AM EAGLE GOLD PROOF 4-COIN SET",
        "program": "Precious Metal Products",
        "sales": 9811,
        "firstSeen": "3/6/2017",
        "latestData": "11/26/2018"
    },
    "17AJ": {
        "name": "2017 ATB SILVER UNC 5 OZ - EFF MNDS",
        "program": "Precious Metal Products",
        "sales": 17589,
        "firstSeen": "3/13/2017",
        "latestData": "3/31/2025"
    },
    "17CA": {
        "name": "2017 BOYS TOWN GOLD PROOF",
        "program": "Commemoratives",
        "sales": 1822,
        "firstSeen": "3/13/2017",
        "latestData": "12/31/2018"
    },
    "17CB": {
        "name": "2017 BOYS TOWN GOLD UNC",
        "program": "Commemoratives",
        "sales": 2947,
        "firstSeen": "3/13/2017",
        "latestData": "12/31/2018"
    },
    "17CC": {
        "name": "2017 BOYS TOWN SILVER PROOF",
        "program": "Commemoratives",
        "sales": 26085,
        "firstSeen": "3/13/2017",
        "latestData": "12/31/2018"
    },
    "17CD": {
        "name": "2017 BOYS TOWN SILVER UNC",
        "program": "Commemoratives",
        "sales": 12234,
        "firstSeen": "3/13/2017",
        "latestData": "12/31/2018"
    },
    "17CE": {
        "name": "2017 BOYS TOWN CLAD PROOF",
        "program": "Commemoratives",
        "sales": 17639,
        "firstSeen": "3/13/2017",
        "latestData": "12/31/2018"
    },
    "17CF": {
        "name": "2017 BOYS TOWN CLAD UNC",
        "program": "Commemoratives",
        "sales": 15525,
        "firstSeen": "3/13/2017",
        "latestData": "12/31/2018"
    },
    "17CG": {
        "name": "2017 BOYS TOWN 3-COIN SET",
        "program": "Commemoratives",
        "sales": 5525,
        "firstSeen": "3/13/2017",
        "latestData": "12/31/2018"
    },
    "17EA": {
        "name": "2017 AM EAGLE SILVER PROOF 1 OZ",
        "program": "Precious Metal Products",
        "sales": 389994,
        "firstSeen": "3/27/2017",
        "latestData": "12/31/2018"
    },
    "17EA042": {
        "name": "2017 AM EAGLE SILVER PROOF 1 OZ (BULK)",
        "program": "Precious Metal Products",
        "sales": 240,
        "firstSeen": "3/27/2017",
        "latestData": "12/31/2018"
    },
    "17RG": {
        "name": "2017 PROOF SET",
        "program": "Annual Sets",
        "sales": 568452,
        "firstSeen": "4/3/2017",
        "latestData": "12/31/2018"
    },
    "17AA": {
        "name": "2017 ATB QTR UNC SET",
        "program": "Annual Sets",
        "sales": 29972,
        "firstSeen": "4/17/2017",
        "latestData": "3/5/2018"
    },
    "17ABD": {
        "name": "2017 ATB QTR 100-COIN BAG - DOUGLASS (P)",
        "program": "Rolls & Bags & Boxes",
        "sales": 2328,
        "firstSeen": "4/17/2017",
        "latestData": "12/31/2018"
    },
    "17ABE": {
        "name": "2017 ATB QTR 100-COIN BAG - DOUGLASS (D)",
        "program": "Rolls & Bags & Boxes",
        "sales": 2221,
        "firstSeen": "4/17/2017",
        "latestData": "12/31/2018"
    },
    "17ABF": {
        "name": "2017 ATB QTR 100-COIN BAG - DOUGLASS (S)",
        "program": "Rolls & Bags & Boxes",
        "sales": 4245,
        "firstSeen": "4/17/2017",
        "latestData": "12/31/2018"
    },
    "17ARD": {
        "name": "2017 ATB QTR 2-ROLL SET - DOUGLASS (P&D)",
        "program": "Rolls & Bags & Boxes",
        "sales": 6863,
        "firstSeen": "4/17/2017",
        "latestData": "12/31/2018"
    },
    "17ARE": {
        "name": "2017 ATB QTR 40-COIN ROLL - DOUGLASS (S)",
        "program": "Rolls & Bags & Boxes",
        "sales": 3975,
        "firstSeen": "4/17/2017",
        "latestData": "12/31/2018"
    },
    "17ARF": {
        "name": "2017 ATB QTR 3-ROLL SET - DOUGLASS (P&D&S)",
        "program": "Rolls & Bags & Boxes",
        "sales": 8786,
        "firstSeen": "4/17/2017",
        "latestData": "12/31/2018"
    },
    "17RF": {
        "name": "2017 CONGRATULATIONS SET",
        "program": "Special Collectibles",
        "sales": 74898,
        "firstSeen": "4/17/2017",
        "latestData": "11/6/2017"
    },
    "17XA": {
        "name": "2017 AM LIBERTY 24K GOLD 1 OZ",
        "program": "Precious Metal Products",
        "sales": 49697,
        "firstSeen": "4/17/2017",
        "latestData": "3/31/2025"
    },
    "17AE": {
        "name": "2017 ATB QTR 3-COIN SET - DOUGLASS",
        "program": "Special Collectibles",
        "sales": 15567,
        "firstSeen": "5/1/2017",
        "latestData": "1/26/2020"
    },
    "17AK": {
        "name": "2017 ATB SILVER UNC 5 OZ - DOUGLASS",
        "program": "Precious Metal Products",
        "sales": 17678,
        "firstSeen": "5/17/2017",
        "latestData": "11/26/2018"
    },
    "17EL": {
        "name": "2017 AM BUFFALO GOLD PROOF 1 OZ",
        "program": "Precious Metal Products",
        "sales": 15810,
        "firstSeen": "5/17/2017",
        "latestData": "11/26/2018"
    },
    "17RJ": {
        "name": "2017 UNC SET",
        "program": "Annual Sets",
        "sales": 286813,
        "firstSeen": "5/22/2017",
        "latestData": "12/31/2018"
    },
    "17EH": {
        "name": "2017 AM EAGLE GOLD UNC 1 OZ",
        "program": "Precious Metal Products",
        "sales": 5800,
        "firstSeen": "6/5/2017",
        "latestData": "11/6/2017"
    },
    "17ABG": {
        "name": "2017 ATB QTR 100-COIN BAG - OZARK (P)",
        "program": "Rolls & Bags & Boxes",
        "sales": 2167,
        "firstSeen": "6/12/2017",
        "latestData": "11/26/2018"
    },
    "17ABH": {
        "name": "2017 ATB QTR 100-COIN BAG - OZARK (D)",
        "program": "Rolls & Bags & Boxes",
        "sales": 2126,
        "firstSeen": "6/12/2017",
        "latestData": "11/26/2018"
    },
    "17ABJ": {
        "name": "2017 ATB QTR 100-COIN BAG - OZARK (S)",
        "program": "Rolls & Bags & Boxes",
        "sales": 4076,
        "firstSeen": "6/12/2017",
        "latestData": "11/26/2018"
    },
    "17ARG": {
        "name": "2017 ATB QTR 2-ROLL SET - OZARK (P&D)",
        "program": "Rolls & Bags & Boxes",
        "sales": 6725,
        "firstSeen": "6/12/2017",
        "latestData": "11/26/2018"
    },
    "17ARH": {
        "name": "2017 ATB QTR 40-COIN ROLL - OZARK (S)",
        "program": "Rolls & Bags & Boxes",
        "sales": 3891,
        "firstSeen": "6/12/2017",
        "latestData": "11/26/2018"
    },
    "17ARJ": {
        "name": "2017 ATB QTR 3-ROLL SET - OZARK (P&D&S)",
        "program": "Rolls & Bags & Boxes",
        "sales": 8590,
        "firstSeen": "6/12/2017",
        "latestData": "11/26/2018"
    },
    "17RH": {
        "name": "2017 SILVER PROOF SET",
        "program": "Annual Sets",
        "sales": 357837,
        "firstSeen": "6/12/2017",
        "latestData": "12/31/2018"
    },
    "17XB": {
        "name": "2017 AM LIBERTY SILVER MEDAL (P)",
        "program": "Precious Metal Products",
        "sales": 55187,
        "firstSeen": "6/19/2017",
        "latestData": "11/26/2018"
    },
    "17AF": {
        "name": "2017 ATB QTR 3-COIN SET - OZARK",
        "program": "Special Collectibles",
        "sales": 14912,
        "firstSeen": "7/3/2017",
        "latestData": "1/26/2020"
    },
    "17EG": {
        "name": "2017 AM EAGLE SILVER UNC 1 OZ",
        "program": "Precious Metal Products",
        "sales": 176739,
        "firstSeen": "7/3/2017",
        "latestData": "12/31/2018"
    },
    "17EJ": {
        "name": "2017 AM EAGLE PLATINUM PROOF 1 OZ",
        "program": "Precious Metal Products",
        "sales": 8890,
        "firstSeen": "7/10/2017",
        "latestData": "11/26/2018"
    },
    "17AL": {
        "name": "2017 ATB SILVER UNC 5 OZ - OZARK",
        "program": "Precious Metal Products",
        "sales": 17694,
        "firstSeen": "7/17/2017",
        "latestData": "12/31/2018"
    },
    "17XC": {
        "name": "2017 225TH ANN ENHANCED UNC SET",
        "program": "Special Collectibles",
        "sales": 210419,
        "firstSeen": "8/7/2017",
        "latestData": "11/26/2018"
    },
    "17ABK": {
        "name": "2017 ATB QTR 100-COIN BAG - ELLIS ISLAND (P)",
        "program": "Rolls & Bags & Boxes",
        "sales": 2392,
        "firstSeen": "9/5/2017",
        "latestData": "11/26/2018"
    },
    "17ABL": {
        "name": "2017 ATB QTR 100-COIN BAG - ELLIS ISLAND (D)",
        "program": "Rolls & Bags & Boxes",
        "sales": 2241,
        "firstSeen": "9/5/2017",
        "latestData": "11/26/2018"
    },
    "17ABM": {
        "name": "2017 ATB QTR 100-COIN BAG - ELLIS ISLAND (S)",
        "program": "Rolls & Bags & Boxes",
        "sales": 4354,
        "firstSeen": "9/5/2017",
        "latestData": "11/26/2018"
    },
    "17ARK": {
        "name": "2017 ATB QTR 2-ROLL SET - ELLIS ISLAND (P&D)",
        "program": "Rolls & Bags & Boxes",
        "sales": 6610,
        "firstSeen": "9/5/2017",
        "latestData": "11/26/2018"
    },
    "17ARL": {
        "name": "2017 ATB QTR 40-COIN ROLL - ELLIS ISLAND (S)",
        "program": "Rolls & Bags & Boxes",
        "sales": 4013,
        "firstSeen": "9/5/2017",
        "latestData": "11/26/2018"
    },
    "17ARM": {
        "name": "2017 ATB QTR 3-ROLL SET - ELLIS ISLAND (P&D&S)",
        "program": "Rolls & Bags & Boxes",
        "sales": 9007,
        "firstSeen": "9/5/2017",
        "latestData": "11/26/2018"
    },
    "17AM": {
        "name": "2017 ATB SILVER UNC 5 OZ - ELLIS ISLAND",
        "program": "Precious Metal Products",
        "sales": 17670,
        "firstSeen": "9/11/2017",
        "latestData": "11/26/2018"
    },
    "17AG": {
        "name": "2017 ATB QTR 3-COIN SET - ELLIS ISLAND",
        "program": "Special Collectibles",
        "sales": 16947,
        "firstSeen": "9/18/2017",
        "latestData": "12/31/2018"
    },
    "17RC": {
        "name": "2017 LIMITED EDITION SILVER PROOF SET",
        "program": "Special Collectibles",
        "sales": 48901,
        "firstSeen": "10/9/2017",
        "latestData": "11/26/2018"
    },
    "17XD": {
        "name": "2017 AM LIBERTY SILVER 4-MEDAL SET",
        "program": "Precious Metal Products",
        "sales": 32507,
        "firstSeen": "10/23/2017",
        "latestData": "12/31/2018"
    },
    "17ABN": {
        "name": "2017 ATB QTR 100-COIN BAG - G R CLARK (P)",
        "program": "Rolls & Bags & Boxes",
        "sales": 2231,
        "firstSeen": "11/27/2017",
        "latestData": "12/31/2018"
    },
    "17ABP": {
        "name": "2017 ATB QTR 100-COIN BAG - G R CLARK (D)",
        "program": "Rolls & Bags & Boxes",
        "sales": 2269,
        "firstSeen": "11/27/2017",
        "latestData": "12/31/2018"
    },
    "17ABQ": {
        "name": "2017 ATB QTR 100-COIN BAG - G R CLARK (S)",
        "program": "Rolls & Bags & Boxes",
        "sales": 4209,
        "firstSeen": "11/27/2017",
        "latestData": "12/31/2018"
    },
    "17AC": {
        "name": "2017 ATB QTR CIRC SET",
        "program": "Annual Sets",
        "sales": 24765,
        "firstSeen": "11/27/2017",
        "latestData": "1/26/2020"
    },
    "17ARN": {
        "name": "2017 ATB QTR 2-ROLL SET - G R CLARK (P&D)",
        "program": "Rolls & Bags & Boxes",
        "sales": 6554,
        "firstSeen": "11/27/2017",
        "latestData": "12/31/2018"
    },
    "17ARP": {
        "name": "2017 ATB QTR 40-COIN ROLL - G R CLARK (S)",
        "program": "Rolls & Bags & Boxes",
        "sales": 3850,
        "firstSeen": "11/27/2017",
        "latestData": "12/31/2018"
    },
    "17ARQ": {
        "name": "2017 ATB QTR 3-ROLL SET - G R CLARK (P&D&S)",
        "program": "Rolls & Bags & Boxes",
        "sales": 8592,
        "firstSeen": "11/27/2017",
        "latestData": "12/31/2018"
    },
    "17AH": {
        "name": "2017 ATB QTR 3-COIN SET - G R CLARK",
        "program": "Special Collectibles",
        "sales": 14133,
        "firstSeen": "12/4/2017",
        "latestData": "1/26/2020"
    },
    "17AN": {
        "name": "2017 ATB SILVER UNC 5 OZ - G R CLARK",
        "program": "Precious Metal Products",
        "sales": 14731,
        "firstSeen": "12/11/2017",
        "latestData": "11/26/2018"
    },
    "18EA": {
        "name": "2018 AM EAGLE SILVER PROOF 1 OZ (W)",
        "program": "Precious Metal Products",
        "sales": 361035,
        "firstSeen": "1/8/2018",
        "latestData": "3/31/2025"
    },
    "18EA042": {
        "name": "2018 AM EAGLE SILVER PROOF 1 OZ - BULK (W)",
        "program": "Precious Metal Products",
        "sales": 182,
        "firstSeen": "1/8/2018",
        "latestData": "1/26/2020"
    },
    "18RD": {
        "name": "2018 BIRTH SET",
        "program": "Special Collectibles",
        "sales": 34032,
        "firstSeen": "1/15/2018",
        "latestData": "1/30/2022"
    },
    "18RE": {
        "name": "2018 HAPPY BIRTHDAY SET",
        "program": "Special Collectibles",
        "sales": 17719,
        "firstSeen": "1/15/2018",
        "latestData": "1/26/2020"
    },
    "18RF": {
        "name": "2018 CONGRATULATIONS SET",
        "program": "Special Collectibles",
        "sales": 19267,
        "firstSeen": "1/15/2018",
        "latestData": "11/26/2018"
    },
    "18CA": {
        "name": "2018 WWI CENTENNIAL SILVER PROOF",
        "program": "Commemoratives",
        "sales": 64982,
        "firstSeen": "1/22/2018",
        "latestData": "12/31/2018"
    },
    "18CB": {
        "name": "2018 WWI CENTENNIAL SILVER UNC",
        "program": "Commemoratives",
        "sales": 22340,
        "firstSeen": "1/22/2018",
        "latestData": "12/31/2018"
    },
    "18CC": {
        "name": "2018 WWI CENTENNIAL COIN & MEDAL - ARMY",
        "program": "Commemoratives",
        "sales": 15621,
        "firstSeen": "1/22/2018",
        "latestData": "12/31/2018"
    },
    "18CD": {
        "name": "2018 WWI CENTENNIAL COIN & MEDAL - AIR SERV",
        "program": "Commemoratives",
        "sales": 12520,
        "firstSeen": "1/22/2018",
        "latestData": "12/31/2018"
    },
    "18CM": {
        "name": "2018 WWI CENTENNIAL COIN & MEDAL - NAVY",
        "program": "Commemoratives",
        "sales": 12253,
        "firstSeen": "1/22/2018",
        "latestData": "12/31/2018"
    },
    "18CN": {
        "name": "2018 WWI CENTENNIAL COIN & MEDAL - MARINES",
        "program": "Commemoratives",
        "sales": 12648,
        "firstSeen": "1/22/2018",
        "latestData": "12/31/2018"
    },
    "18CP": {
        "name": "2018 WWI CENTENNIAL COIN & MEDAL - COAST GRD",
        "program": "Commemoratives",
        "sales": 9813,
        "firstSeen": "1/22/2018",
        "latestData": "12/31/2018"
    },
    "18AP": {
        "name": "2018 ATB QTR PROOF SET",
        "program": "Annual Sets",
        "sales": 86694,
        "firstSeen": "1/29/2018",
        "latestData": "1/26/2020"
    },
    "18EJ": {
        "name": "2018 AM EAGLE PLATINUM PROOF 1 OZ",
        "program": "Precious Metal Products",
        "sales": 16253,
        "firstSeen": "1/29/2018",
        "latestData": "3/31/2025"
    },
    "18ABA": {
        "name": "2018 ATB QTR 100-COIN BAG - PIC ROCKS (P)",
        "program": "Rolls & Bags & Boxes",
        "sales": 2271,
        "firstSeen": "2/12/2018",
        "latestData": "1/26/2020"
    },
    "18ABB": {
        "name": "2018 ATB QTR 100-COIN BAG - PIC ROCKS (D)",
        "program": "Rolls & Bags & Boxes",
        "sales": 2382,
        "firstSeen": "2/12/2018",
        "latestData": "1/26/2020"
    },
    "18ABC": {
        "name": "2018 ATB QTR 100-COIN BAG - PIC ROCKS (S)",
        "program": "Rolls & Bags & Boxes",
        "sales": 4187,
        "firstSeen": "2/12/2018",
        "latestData": "1/26/2020"
    },
    "18AJ": {
        "name": "2018 ATB SILVER UNC 5 OZ - PIC ROCKS",
        "program": "Precious Metal Products",
        "sales": 17774,
        "firstSeen": "2/12/2018",
        "latestData": "3/31/2025"
    },
    "18ARA": {
        "name": "2018 ATB QTR 2-ROLL SET - PIC ROCKS (P&D)",
        "program": "Rolls & Bags & Boxes",
        "sales": 6529,
        "firstSeen": "2/12/2018",
        "latestData": "1/26/2020"
    },
    "18ARB": {
        "name": "2018 ATB QTR 40-COIN ROLL - PIC ROCKS (S)",
        "program": "Rolls & Bags & Boxes",
        "sales": 3869,
        "firstSeen": "2/12/2018",
        "latestData": "1/26/2020"
    },
    "18ARC": {
        "name": "2018 ATB QTR 3-ROLL SET - PIC ROCKS (P&D&S)",
        "program": "Rolls & Bags & Boxes",
        "sales": 8944,
        "firstSeen": "2/12/2018",
        "latestData": "1/26/2020"
    },
    "18XF": {
        "name": "2018 AM LIBERTY 24K GOLD 1/10 OZ",
        "program": "Precious Metal Products",
        "sales": 70813,
        "firstSeen": "2/12/2018",
        "latestData": "3/31/2025"
    },
    "18NA": {
        "name": "2018 NA $1 25-COIN ROLL (P)",
        "program": "Rolls & Bags & Boxes",
        "sales": 17392,
        "firstSeen": "2/19/2018",
        "latestData": "1/26/2020"
    },
    "18NB": {
        "name": "2018 NA $1 25-COIN ROLL (D)",
        "program": "Rolls & Bags & Boxes",
        "sales": 16556,
        "firstSeen": "2/19/2018",
        "latestData": "1/26/2020"
    },
    "18NC": {
        "name": "2018 NA $1 250-COIN BOX (P)",
        "program": "Rolls & Bags & Boxes",
        "sales": 1865,
        "firstSeen": "2/19/2018",
        "latestData": "1/26/2020"
    },
    "18ND": {
        "name": "2018 NA $1 250-COIN BOX (D)",
        "program": "Rolls & Bags & Boxes",
        "sales": 1874,
        "firstSeen": "2/19/2018",
        "latestData": "1/26/2020"
    },
    "18NE": {
        "name": "2018 NA $1 100-COIN BAG (P)",
        "program": "Rolls & Bags & Boxes",
        "sales": 1931,
        "firstSeen": "2/19/2018",
        "latestData": "1/26/2020"
    },
    "18NF": {
        "name": "2018 NA $1 100-COIN BAG (D)",
        "program": "Rolls & Bags & Boxes",
        "sales": 1930,
        "firstSeen": "2/19/2018",
        "latestData": "1/26/2020"
    },
    "18AD": {
        "name": "2018 ATB QTR 3-COIN SET - PIC ROCKS",
        "program": "Special Collectibles",
        "sales": 15397,
        "firstSeen": "2/26/2018",
        "latestData": "1/26/2020"
    },
    "18AQ": {
        "name": "2018 ATB QTR SILVER PROOF SET",
        "program": "Annual Sets",
        "sales": 79300,
        "firstSeen": "2/26/2018",
        "latestData": "1/26/2020"
    },
    "18EB": {
        "name": "2018 AM EAGLE GOLD PROOF 1 OZ",
        "program": "Precious Metal Products",
        "sales": 7418,
        "firstSeen": "3/5/2018",
        "latestData": "1/26/2020"
    },
    "18EC": {
        "name": "2018 AM EAGLE GOLD PROOF 1/2 OZ",
        "program": "Precious Metal Products",
        "sales": 1813,
        "firstSeen": "3/5/2018",
        "latestData": "12/31/2018"
    },
    "18ED": {
        "name": "2018 AM EAGLE GOLD PROOF 1/4 OZ",
        "program": "Precious Metal Products",
        "sales": 4623,
        "firstSeen": "3/5/2018",
        "latestData": "1/26/2020"
    },
    "18EE": {
        "name": "2018 AM EAGLE GOLD PROOF 1/10 OZ",
        "program": "Precious Metal Products",
        "sales": 14009,
        "firstSeen": "3/5/2018",
        "latestData": "1/26/2020"
    },
    "18EF": {
        "name": "2018 AM EAGLE GOLD PROOF 4-COIN SET",
        "program": "Precious Metal Products",
        "sales": 8146,
        "firstSeen": "3/5/2018",
        "latestData": "1/26/2020"
    },
    "18RG": {
        "name": "2018 PROOF SET",
        "program": "Annual Sets",
        "sales": 517053,
        "firstSeen": "3/12/2018",
        "latestData": "1/26/2020"
    },
    "18CE": {
        "name": "2018 BREAST CANCER GOLD PROOF",
        "program": "Commemoratives",
        "sales": 10390,
        "firstSeen": "3/19/2018",
        "latestData": "12/31/2018"
    },
    "18CF": {
        "name": "2018 BREAST CANCER GOLD UNC",
        "program": "Commemoratives",
        "sales": 4478,
        "firstSeen": "3/19/2018",
        "latestData": "12/31/2018"
    },
    "18CG": {
        "name": "2018 BREAST CANCER SILVER PROOF",
        "program": "Commemoratives",
        "sales": 34553,
        "firstSeen": "3/19/2018",
        "latestData": "12/31/2018"
    },
    "18CH": {
        "name": "2018 BREAST CANCER SILVER UNC",
        "program": "Commemoratives",
        "sales": 12521,
        "firstSeen": "3/19/2018",
        "latestData": "12/31/2018"
    },
    "18CJ": {
        "name": "2018 BREAST CANCER CLAD PROOF",
        "program": "Commemoratives",
        "sales": 17940,
        "firstSeen": "3/19/2018",
        "latestData": "12/31/2018"
    },
    "18CK": {
        "name": "2018 BREAST CANCER CLAD UNC",
        "program": "Commemoratives",
        "sales": 11303,
        "firstSeen": "3/19/2018",
        "latestData": "12/31/2018"
    },
    "18KA": {
        "name": "2018 HALF-DOLLAR 200-COIN BAG (P&D)",
        "program": "Rolls & Bags & Boxes",
        "sales": 9497,
        "firstSeen": "3/26/2018",
        "latestData": "1/26/2020"
    },
    "18KB": {
        "name": "2018 HALF-DOLLAR 2-ROLL SET (P&D)",
        "program": "Rolls & Bags & Boxes",
        "sales": 22622,
        "firstSeen": "3/26/2018",
        "latestData": "1/26/2020"
    },
    "18AA": {
        "name": "2018 ATB QTR UNC SET",
        "program": "Annual Sets",
        "sales": 32651,
        "firstSeen": "4/2/2018",
        "latestData": "1/26/2020"
    },
    "18ABD": {
        "name": "2018 ATB QTR 100-COIN BAG - APOSTLE ISL (P)",
        "program": "Rolls & Bags & Boxes",
        "sales": 2081,
        "firstSeen": "4/16/2018",
        "latestData": "1/26/2020"
    },
    "18ABE": {
        "name": "2018 ATB QTR 100-COIN BAG - APOSTLE ISL (D)",
        "program": "Rolls & Bags & Boxes",
        "sales": 2075,
        "firstSeen": "4/16/2018",
        "latestData": "1/26/2020"
    },
    "18ABF": {
        "name": "2018 ATB QTR 100-COIN BAG - APOSTLE ISL (S)",
        "program": "Rolls & Bags & Boxes",
        "sales": 4088,
        "firstSeen": "4/16/2018",
        "latestData": "1/26/2020"
    },
    "18AK": {
        "name": "2018 ATB SILVER UNC 5 OZ - APOSTLE ISL",
        "program": "Precious Metal Products",
        "sales": 16802,
        "firstSeen": "4/16/2018",
        "latestData": "1/26/2020"
    },
    "18ARD": {
        "name": "2018 ATB QTR 2-ROLL SET - APOSTLE ISL (P&D)",
        "program": "Rolls & Bags & Boxes",
        "sales": 6306,
        "firstSeen": "4/16/2018",
        "latestData": "1/26/2020"
    },
    "18ARE": {
        "name": "2018 ATB QTR 40-COIN ROLL - APOSTLE ISL (S)",
        "program": "Rolls & Bags & Boxes",
        "sales": 3669,
        "firstSeen": "4/16/2018",
        "latestData": "1/26/2020"
    },
    "18ARF": {
        "name": "2018 ATB QTR 3-ROLL SET - APOSTLE ISL (P&D&S)",
        "program": "Rolls & Bags & Boxes",
        "sales": 8338,
        "firstSeen": "4/16/2018",
        "latestData": "1/26/2020"
    },
    "18AE": {
        "name": "2018 ATB QTR 3-COIN SET - APOSTLE ISL",
        "program": "Special Collectibles",
        "sales": 15242,
        "firstSeen": "4/23/2018",
        "latestData": "3/31/2025"
    },
    "18RH": {
        "name": "2018 SILVER PROOF SET",
        "program": "Annual Sets",
        "sales": 332273,
        "firstSeen": "4/30/2018",
        "latestData": "3/31/2025"
    },
    "18EL": {
        "name": "2018 AM BUFFALO GOLD PROOF 1 OZ",
        "program": "Precious Metal Products",
        "sales": 15756,
        "firstSeen": "5/14/2018",
        "latestData": "1/26/2020"
    },
    "18RJ": {
        "name": "2018 UNC SET",
        "program": "Annual Sets",
        "sales": 257531,
        "firstSeen": "5/21/2018",
        "latestData": "1/26/2020"
    },
    "18EG": {
        "name": "2018 AM EAGLE SILVER UNC 1 OZ",
        "program": "Precious Metal Products",
        "sales": 138947,
        "firstSeen": "5/29/2018",
        "latestData": "1/26/2020"
    },
    "18ABG": {
        "name": "2018 ATB QTR 100-COIN BAG - VOYAGEURS (P)",
        "program": "Rolls & Bags & Boxes",
        "sales": 2121,
        "firstSeen": "6/18/2018",
        "latestData": "1/26/2020"
    },
    "18ABH": {
        "name": "2018 ATB QTR 100-COIN BAG - VOYAGEURS (D)",
        "program": "Rolls & Bags & Boxes",
        "sales": 2153,
        "firstSeen": "6/18/2018",
        "latestData": "1/26/2020"
    },
    "18ABJ": {
        "name": "2018 ATB QTR 100-COIN BAG - VOYAGEURS (S)",
        "program": "Rolls & Bags & Boxes",
        "sales": 3854,
        "firstSeen": "6/18/2018",
        "latestData": "1/26/2020"
    },
    "18AL": {
        "name": "2018 ATB SILVER UNC 5 OZ - VOYAGEURS",
        "program": "Precious Metal Products",
        "sales": 16851,
        "firstSeen": "6/18/2018",
        "latestData": "3/31/2025"
    },
    "18ARG": {
        "name": "2018 ATB QTR 2-ROLL SET - VOYAGEURS (P&D)",
        "program": "Rolls & Bags & Boxes",
        "sales": 6231,
        "firstSeen": "6/18/2018",
        "latestData": "1/26/2020"
    },
    "18ARH": {
        "name": "2018 ATB QTR 40-COIN ROLL - VOYAGEURS (S)",
        "program": "Rolls & Bags & Boxes",
        "sales": 3680,
        "firstSeen": "6/18/2018",
        "latestData": "1/26/2020"
    },
    "18ARJ": {
        "name": "2018 ATB QTR 3-ROLL SET - VOYAGEURS (P&D&S)",
        "program": "Rolls & Bags & Boxes",
        "sales": 8370,
        "firstSeen": "6/18/2018",
        "latestData": "1/26/2020"
    },
    "18AF": {
        "name": "2018 ATB QTR 3-COIN SET - VOYAGEURS",
        "program": "Special Collectibles",
        "sales": 15267,
        "firstSeen": "6/25/2018",
        "latestData": "3/31/2025"
    },
    "18EH": {
        "name": "2018 AM EAGLE GOLD UNC 1 OZ",
        "program": "Precious Metal Products",
        "sales": 8518,
        "firstSeen": "7/16/2018",
        "latestData": "1/26/2020"
    },
    "18XC": {
        "name": "2018 SF SILVER REVERSE PROOF SET",
        "program": "Special Collectibles",
        "sales": 199116,
        "firstSeen": "7/30/2018",
        "latestData": "11/26/2018"
    },
    "18EM": {
        "name": "2018 AM EAGLE SILVER PROOF 1 OZ (S)",
        "program": "Precious Metal Products",
        "sales": 158827,
        "firstSeen": "8/20/2018",
        "latestData": "3/31/2025"
    },
    "18ABK": {
        "name": "2018 ATB QTR 100-COIN BAG - CMBRLND ISL (P)",
        "program": "Rolls & Bags & Boxes",
        "sales": 2120,
        "firstSeen": "9/3/2018",
        "latestData": "1/26/2020"
    },
    "18ABL": {
        "name": "2018 ATB QTR 100-COIN BAG - CMBRLND ISL (D)",
        "program": "Rolls & Bags & Boxes",
        "sales": 1987,
        "firstSeen": "9/3/2018",
        "latestData": "1/26/2020"
    },
    "18ABM": {
        "name": "2018 ATB QTR 100-COIN BAG - CMBRLND ISL (S)",
        "program": "Rolls & Bags & Boxes",
        "sales": 4035,
        "firstSeen": "9/3/2018",
        "latestData": "1/26/2020"
    },
    "18AM": {
        "name": "2018 ATB SILVER UNC 5 OZ - CMBRLND ISL",
        "program": "Precious Metal Products",
        "sales": 16789,
        "firstSeen": "9/3/2018",
        "latestData": "3/31/2025"
    },
    "18ARK": {
        "name": "2018 ATB QTR 2-ROLL SET - CMBRLND ISL (P&D)",
        "program": "Rolls & Bags & Boxes",
        "sales": 6128,
        "firstSeen": "9/3/2018",
        "latestData": "1/26/2020"
    },
    "18ARL": {
        "name": "2018 ATB QTR 40-COIN ROLL - CMBRLND ISL (S)",
        "program": "Rolls & Bags & Boxes",
        "sales": 3728,
        "firstSeen": "9/3/2018",
        "latestData": "1/26/2020"
    },
    "18ARM": {
        "name": "2018 ATB QTR 3-ROLL SET - CMBRLND ISL (P&D&S)",
        "program": "Rolls & Bags & Boxes",
        "sales": 8208,
        "firstSeen": "9/3/2018",
        "latestData": "1/26/2020"
    },
    "S801": {
        "name": "GEORGE WASHINGTON PRESIDENTIAL SILVER MEDAL",
        "program": "Precious Metal Products",
        "sales": 36169,
        "firstSeen": "9/3/2018",
        "latestData": "3/31/2025"
    },
    "S802": {
        "name": "JOHN ADAMS PRESIDENTIAL SILVER MEDAL",
        "program": "Precious Metal Products",
        "sales": 23993,
        "firstSeen": "9/3/2018",
        "latestData": "3/31/2025"
    },
    "18EK": {
        "name": "2018 AM EAGLE PALLADIUM PROOF 1 OZ",
        "program": "Precious Metal Products",
        "sales": 14988,
        "firstSeen": "9/10/2018",
        "latestData": "12/31/2018"
    },
    "18AG": {
        "name": "2018 ATB QTR 3-COIN SET - CMBRLND ISL",
        "program": "Special Collectibles",
        "sales": 15421,
        "firstSeen": "9/17/2018",
        "latestData": "3/31/2025"
    },
    "18CL": {
        "name": "2018 BREAST CANCER COIN & STAMP SET",
        "program": "Commemoratives",
        "sales": 4452,
        "firstSeen": "10/8/2018",
        "latestData": "12/31/2018"
    },
    "18AC": {
        "name": "2018 ATB QTR CIRC SET",
        "program": "Annual Sets",
        "sales": 22641,
        "firstSeen": "10/15/2018",
        "latestData": "3/31/2025"
    },
    "18RC": {
        "name": "2018 LIMITED EDITION SILVER PROOF SET",
        "program": "Special Collectibles",
        "sales": 49480,
        "firstSeen": "10/22/2018",
        "latestData": "1/26/2020"
    },
    "18ABN": {
        "name": "2018 ATB QTR 100-COIN BAG - BLOCK ISL (P)",
        "program": "Rolls & Bags & Boxes",
        "sales": 2113,
        "firstSeen": "11/19/2018",
        "latestData": "1/26/2020"
    },
    "18ABP": {
        "name": "2018 ATB QTR 100-COIN BAG - BLOCK ISL (D)",
        "program": "Rolls & Bags & Boxes",
        "sales": 2074,
        "firstSeen": "11/19/2018",
        "latestData": "1/26/2020"
    },
    "18ABQ": {
        "name": "2018 ATB QTR 100-COIN BAG - BLOCK ISL (S)",
        "program": "Rolls & Bags & Boxes",
        "sales": 3779,
        "firstSeen": "11/19/2018",
        "latestData": "1/26/2020"
    },
    "18AN": {
        "name": "2018 ATB SILVER UNC 5 OZ - BLOCK ISL",
        "program": "Precious Metal Products",
        "sales": 15912,
        "firstSeen": "11/19/2018",
        "latestData": "1/26/2020"
    },
    "18ARN": {
        "name": "2018 ATB QTR 2-ROLL SET - BLOCK ISL (P&D)",
        "program": "Rolls & Bags & Boxes",
        "sales": 6042,
        "firstSeen": "11/19/2018",
        "latestData": "1/26/2020"
    },
    "18ARP": {
        "name": "2018 ATB QTR 40-COIN ROLL - BLOCK ISL (S)",
        "program": "Rolls & Bags & Boxes",
        "sales": 3728,
        "firstSeen": "11/19/2018",
        "latestData": "1/26/2020"
    },
    "18ARQ": {
        "name": "2018 ATB QTR 3-ROLL SET - BLOCK ISL (P&D&S)",
        "program": "Rolls & Bags & Boxes",
        "sales": 8198,
        "firstSeen": "11/19/2018",
        "latestData": "1/26/2020"
    },
    "18AH": {
        "name": "2018 ATB QTR 3-COIN SET - BLOCK ISL",
        "program": "Special Collectibles",
        "sales": 15421,
        "firstSeen": "12/3/2018",
        "latestData": "3/31/2025"
    },
    "18GA": {
        "name": "2018 AI $1 PROOF SET",
        "program": "Annual Sets",
        "sales": 255441,
        "firstSeen": "12/17/2018",
        "latestData": "3/31/2025"
    },
    "18GBA": {
        "name": "2018 AI $1 100-COIN BAG (P)",
        "program": "Rolls & Bags & Boxes",
        "sales": 2935,
        "firstSeen": "12/17/2018",
        "latestData": "1/26/2020"
    },
    "18GBE": {
        "name": "2018 AI $1 100-COIN BAG (D)",
        "program": "Rolls & Bags & Boxes",
        "sales": 2954,
        "firstSeen": "12/17/2018",
        "latestData": "1/26/2020"
    },
    "18GRA": {
        "name": "2018 AI $1 25-COIN ROLL (P)",
        "program": "Rolls & Bags & Boxes",
        "sales": 22902,
        "firstSeen": "12/17/2018",
        "latestData": "3/31/2025"
    },
    "18GRE": {
        "name": "2018 AI $1 25-COIN ROLL (D)",
        "program": "Rolls & Bags & Boxes",
        "sales": 25725,
        "firstSeen": "12/17/2018",
        "latestData": "3/31/2025"
    },
    "19AA": {
        "name": "2019 ATB QTR UNC SET",
        "program": "Annual Sets",
        "sales": 32252,
        "firstSeen": "4/1/2019",
        "latestData": "1/30/2022"
    },
    "19ABA": {
        "name": "2019 ATB QTR 100-COIN BAG - LOWELL NTL PARK (P)",
        "program": "Rolls & Bags & Boxes",
        "sales": 2461,
        "firstSeen": "4/1/2019",
        "latestData": "4/5/2020"
    },
    "19ABB": {
        "name": "2019 ATB QTR 100-COIN BAG - LOWELL NTL PARK (D)",
        "program": "Rolls & Bags & Boxes",
        "sales": 2344,
        "firstSeen": "4/1/2019",
        "latestData": "4/5/2020"
    },
    "19ABC": {
        "name": "2019 ATB QTR 100-COIN BAG - LOWELL NTL PARK (S)",
        "program": "Rolls & Bags & Boxes",
        "sales": 4076,
        "firstSeen": "4/1/2019",
        "latestData": "4/5/2020"
    },
    "19AD": {
        "name": "2019 ATB QTR 3-COIN SET - LOWELL NTL PARK",
        "program": "Special Collectibles",
        "sales": 15423,
        "firstSeen": "4/1/2019",
        "latestData": "1/30/2022"
    },
    "19AJ": {
        "name": "2019 ATB SILVER UNC 5 OZ - LOWELL NTL PARK",
        "program": "Precious Metal Products",
        "sales": 16644,
        "firstSeen": "4/1/2019",
        "latestData": "1/30/2022"
    },
    "19AP": {
        "name": "2019 ATB QTR PROOF SET",
        "program": "Annual Sets",
        "sales": 84697,
        "firstSeen": "4/1/2019",
        "latestData": "3/31/2025"
    },
    "19AQ": {
        "name": "2019 ATB QTR SILVER PROOF SET",
        "program": "Annual Sets",
        "sales": 78588,
        "firstSeen": "4/1/2019",
        "latestData": "3/31/2025"
    },
    "19ARA": {
        "name": "2019 ATB QTR 2-ROLL SET - LOWELL NTL PARK (P&D)",
        "program": "Rolls & Bags & Boxes",
        "sales": 6196,
        "firstSeen": "4/1/2019",
        "latestData": "4/5/2020"
    },
    "19ARB": {
        "name": "2019 ATB QTR 40-COIN ROLL - LOWELL NTL PARK (S)",
        "program": "Rolls & Bags & Boxes",
        "sales": 3865,
        "firstSeen": "4/1/2019",
        "latestData": "4/5/2020"
    },
    "19ARC": {
        "name": "2019 ATB QTR 3-ROLL SET - LOWELL NTL PARK (P&D&S)",
        "program": "Rolls & Bags & Boxes",
        "sales": 8672,
        "firstSeen": "4/1/2019",
        "latestData": "4/5/2020"
    },
    "19CA": {
        "name": "2019 APOLLO 11 GOLD PROOF",
        "program": "Commemoratives",
        "sales": 32858,
        "firstSeen": "4/1/2019",
        "latestData": "1/26/2020"
    },
    "19CB": {
        "name": "2019 APOLLO 11 GOLD UNC",
        "program": "Commemoratives",
        "sales": 12034,
        "firstSeen": "4/1/2019",
        "latestData": "1/26/2020"
    },
    "19CC": {
        "name": "2019 APOLLO 11 SILVER PROOF",
        "program": "Commemoratives",
        "sales": 218984,
        "firstSeen": "4/1/2019",
        "latestData": "1/26/2020"
    },
    "19CD": {
        "name": "2019 APOLLO 11 SILVER UNC",
        "program": "Commemoratives",
        "sales": 59698,
        "firstSeen": "4/1/2019",
        "latestData": "1/26/2020"
    },
    "19CE": {
        "name": "2019 APOLLO 11 CLAD PROOF",
        "program": "Commemoratives",
        "sales": 66819,
        "firstSeen": "4/1/2019",
        "latestData": "1/26/2020"
    },
    "19CF": {
        "name": "2019 APOLLO 11 HALF DOLLAR SPECIAL SET",
        "program": "Commemoratives",
        "sales": 99998,
        "firstSeen": "4/1/2019",
        "latestData": "1/26/2020"
    },
    "19CG": {
        "name": "2019 APOLLO 11 CLAD UNC",
        "program": "Commemoratives",
        "sales": 41739,
        "firstSeen": "4/1/2019",
        "latestData": "1/26/2020"
    },
    "19CH": {
        "name": "2019 APOLLO 11 SILVER PROOF 5 OZ",
        "program": "Commemoratives",
        "sales": 68297,
        "firstSeen": "4/1/2019",
        "latestData": "1/26/2020"
    },
    "19CJ": {
        "name": "2019 AMERICAN LEGION GOLD PROOF",
        "program": "Commemoratives",
        "sales": 3190,
        "firstSeen": "4/1/2019",
        "latestData": "1/26/2020"
    },
    "19CK": {
        "name": "2019 AMERICAN LEGION GOLD UNC",
        "program": "Commemoratives",
        "sales": 2872,
        "firstSeen": "4/1/2019",
        "latestData": "1/26/2020"
    },
    "19CL": {
        "name": "2019 AMERICAN LEGION SILVER PROOF",
        "program": "Commemoratives",
        "sales": 44000,
        "firstSeen": "4/1/2019",
        "latestData": "1/26/2020"
    },
    "19CM": {
        "name": "2019 AMERICAN LEGION SILVER UNC",
        "program": "Commemoratives",
        "sales": 13789,
        "firstSeen": "4/1/2019",
        "latestData": "1/26/2020"
    },
    "19CN": {
        "name": "2019 AMERICAN LEGION CLAD PROOF",
        "program": "Commemoratives",
        "sales": 18806,
        "firstSeen": "4/1/2019",
        "latestData": "1/26/2020"
    },
    "19CP": {
        "name": "2019 AMERICAN LEGION CLAD UNC",
        "program": "Commemoratives",
        "sales": 11428,
        "firstSeen": "4/1/2019",
        "latestData": "1/26/2020"
    },
    "19CR": {
        "name": "2019 AMERICAN LEGION 3-COIN SET",
        "program": "Commemoratives",
        "sales": 7451,
        "firstSeen": "4/1/2019",
        "latestData": "1/26/2020"
    },
    "19EA": {
        "name": "2019 AM EAGLE SILVER PROOF 1 OZ (W)",
        "program": "Precious Metal Products",
        "sales": 348896,
        "firstSeen": "4/1/2019",
        "latestData": "3/31/2025"
    },
    "19EA040": {
        "name": "2019 AM EAGLE SILVER PROOF 1 OZ (W) - 40 COIN",
        "program": "Precious Metal Products",
        "sales": 745,
        "firstSeen": "4/1/2019",
        "latestData": "1/26/2020"
    },
    "19EB": {
        "name": "2019 AM EAGLE GOLD PROOF 1 OZ",
        "program": "Precious Metal Products",
        "sales": 5894,
        "firstSeen": "4/1/2019",
        "latestData": "3/31/2025"
    },
    "19EC": {
        "name": "2019 AM EAGLE GOLD PROOF 1/2 OZ",
        "program": "Precious Metal Products",
        "sales": 1995,
        "firstSeen": "4/1/2019",
        "latestData": "3/31/2025"
    },
    "19ED": {
        "name": "2019 AM EAGLE GOLD PROOF 1/4 OZ",
        "program": "Precious Metal Products",
        "sales": 3038,
        "firstSeen": "4/1/2019",
        "latestData": "1/26/2020"
    },
    "19EE": {
        "name": "2019 AM EAGLE GOLD PROOF 1/10 OZ",
        "program": "Precious Metal Products",
        "sales": 10990,
        "firstSeen": "4/1/2019",
        "latestData": "3/31/2025"
    },
    "19EF": {
        "name": "2019 AM EAGLE GOLD PROOF 4-COIN SET",
        "program": "Precious Metal Products",
        "sales": 9025,
        "firstSeen": "4/1/2019",
        "latestData": "3/31/2025"
    },
    "19EJ": {
        "name": "2019 AM EAGLE PLATINUM PROOF 1 OZ",
        "program": "Precious Metal Products",
        "sales": 11268,
        "firstSeen": "4/1/2019",
        "latestData": "1/30/2022"
    },
    "19NA": {
        "name": "2019 NA $1 25-COIN ROLL (P)",
        "program": "Rolls & Bags & Boxes",
        "sales": 17776,
        "firstSeen": "4/1/2019",
        "latestData": "1/30/2022"
    },
    "19NB": {
        "name": "2019 NA $1 25-COIN ROLL (D)",
        "program": "Rolls & Bags & Boxes",
        "sales": 17075,
        "firstSeen": "4/1/2019",
        "latestData": "1/30/2022"
    },
    "19NC": {
        "name": "2019 NA $1 250-COIN BOX (P)",
        "program": "Rolls & Bags & Boxes",
        "sales": 1742,
        "firstSeen": "4/1/2019",
        "latestData": "1/26/2020"
    },
    "19ND": {
        "name": "2019 NA $1 250-COIN BOX (D)",
        "program": "Rolls & Bags & Boxes",
        "sales": 1949,
        "firstSeen": "4/1/2019",
        "latestData": "1/30/2022"
    },
    "19NE": {
        "name": "2019 NA $1 100-COIN BAG (P)",
        "program": "Rolls & Bags & Boxes",
        "sales": 1829,
        "firstSeen": "4/1/2019",
        "latestData": "1/30/2022"
    },
    "19NF": {
        "name": "2019 NA $1 100-COIN BAG (D)",
        "program": "Rolls & Bags & Boxes",
        "sales": 1766,
        "firstSeen": "4/1/2019",
        "latestData": "1/30/2022"
    },
    "19RD": {
        "name": "2019 BIRTH SET",
        "program": "Special Collectibles",
        "sales": 29530,
        "firstSeen": "4/1/2019",
        "latestData": "1/30/2022"
    },
    "19RE": {
        "name": "2019 HAPPY BIRTHDAY SET",
        "program": "Special Collectibles",
        "sales": 19097,
        "firstSeen": "4/1/2019",
        "latestData": "1/30/2022"
    },
    "19RF": {
        "name": "2019 CONGRATULATIONS SET",
        "program": "Special Collectibles",
        "sales": 31638,
        "firstSeen": "4/1/2019",
        "latestData": "3/31/2025"
    },
    "19RG": {
        "name": "2019 PROOF SET",
        "program": "Annual Sets",
        "sales": 601364,
        "firstSeen": "4/1/2019",
        "latestData": "3/31/2025"
    },
    "19XGB": {
        "name": "2019 EXPLORE AND DISCOVER SET",
        "program": "Special Collectibles",
        "sales": 45737,
        "firstSeen": "4/1/2019",
        "latestData": "3/31/2025"
    },
    "19XGC": {
        "name": "2019 ROCKETSHIP SET",
        "program": "Special Collectibles",
        "sales": 49921,
        "firstSeen": "4/1/2019",
        "latestData": "1/26/2020"
    },
    "S803": {
        "name": "THOMAS JEFFERSON PRESIDENTIAL SILVER MEDAL",
        "program": "Precious Metal Products",
        "sales": 24761,
        "firstSeen": "4/1/2019",
        "latestData": "3/31/2025"
    },
    "19ABD": {
        "name": "2019 ATB QTR 100-COIN BAG - AM MEM PARK (P)",
        "program": "Rolls & Bags & Boxes",
        "sales": 2476,
        "firstSeen": "4/8/2019",
        "latestData": "4/5/2020"
    },
    "19ABE": {
        "name": "2019 ATB QTR 100-COIN BAG - AM MEM PARK (D)",
        "program": "Rolls & Bags & Boxes",
        "sales": 2446,
        "firstSeen": "4/8/2019",
        "latestData": "4/5/2020"
    },
    "19ABF": {
        "name": "2019 ATB QTR 100-COIN BAG - AM MEM PARK (S)",
        "program": "Rolls & Bags & Boxes",
        "sales": 4249,
        "firstSeen": "4/8/2019",
        "latestData": "1/30/2022"
    },
    "19AK": {
        "name": "2019 ATB SILVER UNC 5 OZ - AM MEM PARK",
        "program": "Precious Metal Products",
        "sales": 16309,
        "firstSeen": "4/8/2019",
        "latestData": "3/31/2025"
    },
    "19ARD": {
        "name": "2019 ATB QTR 2-ROLL SET - AM MEM PARK (P&D)",
        "program": "Rolls & Bags & Boxes",
        "sales": 6923,
        "firstSeen": "4/8/2019",
        "latestData": "1/30/2022"
    },
    "19ARE": {
        "name": "2019 ATB QTR 40-COIN ROLL - AM MEM PARK (S)",
        "program": "Rolls & Bags & Boxes",
        "sales": 3951,
        "firstSeen": "4/8/2019",
        "latestData": "1/30/2022"
    },
    "19ARF": {
        "name": "2019 ATB QTR 3-ROLL SET - AM MEM PARK (P&D&S)",
        "program": "Rolls & Bags & Boxes",
        "sales": 8861,
        "firstSeen": "4/8/2019",
        "latestData": "1/30/2022"
    },
    "19EL": {
        "name": "2019 AM BUFFALO GOLD PROOF 1 OZ",
        "program": "Precious Metal Products",
        "sales": 14844,
        "firstSeen": "4/15/2019",
        "latestData": "1/30/2022"
    },
    "19AE": {
        "name": "2019 ATB QTR 3-COIN SET - AM MEM PARK",
        "program": "Special Collectibles",
        "sales": 15415,
        "firstSeen": "4/22/2019",
        "latestData": "1/30/2022"
    },
    "19RH": {
        "name": "2019 SILVER PROOF SET",
        "program": "Annual Sets",
        "sales": 415382,
        "firstSeen": "4/22/2019",
        "latestData": "3/31/2025"
    },
    "19KA": {
        "name": "2019 HALF-DOLLAR 200-COIN BAG (P&D)",
        "program": "Rolls & Bags & Boxes",
        "sales": 11534,
        "firstSeen": "5/6/2019",
        "latestData": "1/30/2022"
    },
    "19KB": {
        "name": "2019 HALF-DOLLAR 2-ROLL SET (P&D)",
        "program": "Rolls & Bags & Boxes",
        "sales": 24132,
        "firstSeen": "5/6/2019",
        "latestData": "1/30/2022"
    },
    "S804": {
        "name": "MADISON SILVER PRESIDENTIAL MEDAL",
        "program": "Precious Metal Products",
        "sales": 17226,
        "firstSeen": "5/13/2019",
        "latestData": "3/31/2025"
    },
    "19RJ": {
        "name": "2019 UNC SET",
        "program": "Annual Sets",
        "sales": 346117,
        "firstSeen": "5/20/2019",
        "latestData": "1/30/2022"
    },
    "19CQ": {
        "name": "2019 AMERICAN LEGION COIN & MEDAL SET",
        "program": "Commemoratives",
        "sales": 9888,
        "firstSeen": "5/27/2019",
        "latestData": "1/26/2020"
    },
    "19EG": {
        "name": "2019 AM EAGLE SILVER UNC 1 OZ",
        "program": "Precious Metal Products",
        "sales": 138998,
        "firstSeen": "6/3/2019",
        "latestData": "3/31/2025"
    },
    "19EG040": {
        "name": "2019 AM EAGLE SILVER UNC 1 OZ (W) - 40 COIN",
        "program": "Precious Metal Products",
        "sales": 66,
        "firstSeen": "6/3/2019",
        "latestData": "1/26/2020"
    },
    "19ABG": {
        "name": "2019 ATB QTR 100-COIN BAG - WAR IN THE PACIFIC (P)",
        "program": "Rolls & Bags & Boxes",
        "sales": 2471,
        "firstSeen": "6/10/2019",
        "latestData": "1/30/2022"
    },
    "19ABH": {
        "name": "2019 ATB QTR 100-COIN BAG - WAR IN THE PACIFIC (D)",
        "program": "Rolls & Bags & Boxes",
        "sales": 2445,
        "firstSeen": "6/10/2019",
        "latestData": "1/30/2022"
    },
    "19ABJ": {
        "name": "2019 ATB QTR 100-COIN BAG - WAR IN THE PACIFIC (S)",
        "program": "Rolls & Bags & Boxes",
        "sales": 4203,
        "firstSeen": "6/10/2019",
        "latestData": "1/30/2022"
    },
    "19AL": {
        "name": "2019 ATB SILVER UNC 5 OZ - WAR IN THE PACIFIC",
        "program": "Precious Metal Products",
        "sales": 16277,
        "firstSeen": "6/10/2019",
        "latestData": "1/30/2022"
    },
    "19ARG": {
        "name": "2019 ATB QTR 2-ROLL SET - WAR IN THE PACIFIC (P&D)",
        "program": "Rolls & Bags & Boxes",
        "sales": 6881,
        "firstSeen": "6/10/2019",
        "latestData": "1/30/2022"
    },
    "19ARH": {
        "name": "2019 ATB QTR 40-COIN ROLL - WAR IN THE PACIFIC (S)",
        "program": "Rolls & Bags & Boxes",
        "sales": 3931,
        "firstSeen": "6/10/2019",
        "latestData": "1/30/2022"
    },
    "19ARJ": {
        "name": "2019 ATB QTR 3-ROLL SET - WAR IN THE PACIFIC (P&D&S)",
        "program": "Rolls & Bags & Boxes",
        "sales": 8819,
        "firstSeen": "6/10/2019",
        "latestData": "1/30/2022"
    },
    "19EH": {
        "name": "2019 AM EAGLE GOLD UNC 1 OZ",
        "program": "Precious Metal Products",
        "sales": 6365,
        "firstSeen": "6/17/2019",
        "latestData": "4/5/2020"
    },
    "19AF": {
        "name": "2019 ATB QTR 3-COIN SET - WAR IN THE PACIFIC",
        "program": "Special Collectibles",
        "sales": 15419,
        "firstSeen": "6/24/2019",
        "latestData": "1/30/2022"
    },
    "19XB": {
        "name": "2019 PRIDE OF TWO NATIONS",
        "program": "Precious Metal Products",
        "sales": 99747,
        "firstSeen": "7/8/2019",
        "latestData": "1/26/2020"
    },
    "19NR": {
        "name": "2019 NA $1 COIN & CURRENCY SET",
        "program": "Special Collectibles",
        "sales": 46964,
        "firstSeen": "7/29/2019",
        "latestData": "1/30/2022"
    },
    "19EM": {
        "name": "2019 AM EAGLE SILVER PROOF 1 OZ (S)",
        "program": "Precious Metal Products",
        "sales": 146799,
        "firstSeen": "8/12/2019",
        "latestData": "1/30/2022"
    },
    "19EM040": {
        "name": "2019 AM EAGLE SILVER PROOF 1 OZ (S) - 40 COIN",
        "program": "Precious Metal Products",
        "sales": 137,
        "firstSeen": "8/12/2019",
        "latestData": "1/26/2020"
    },
    "S805": {
        "name": "MONROE SILVER PRESIDENTIAL MEDAL",
        "program": "Precious Metal Products",
        "sales": 15556,
        "firstSeen": "8/12/2019",
        "latestData": "3/31/2025"
    },
    "18GE": {
        "name": "2018 AI $1 REV PRF COIN",
        "program": "Special Collectibles",
        "sales": 74720,
        "firstSeen": "8/19/2019",
        "latestData": "1/26/2020"
    },
    "19DA": {
        "name": "2019 AM LIBERTY 24K GOLD 1 OZ",
        "program": "Precious Metal Products",
        "sales": 24609,
        "firstSeen": "8/19/2019",
        "latestData": "1/30/2022"
    },
    "19DB": {
        "name": "2019 AM LIBERTY SILVER MEDAL 2.5 OZ",
        "program": "Precious Metal Products",
        "sales": 44928,
        "firstSeen": "8/19/2019",
        "latestData": "1/30/2022"
    },
    "19XC": {
        "name": "2019 MIGHTY MINTERS ORNAMENT",
        "program": "Special Collectibles",
        "sales": 7107,
        "firstSeen": "8/19/2019",
        "latestData": "3/31/2025"
    },
    "19XD": {
        "name": "2019 UNITED STATES MINT ORNAMENT",
        "program": "Special Collectibles",
        "sales": 11986,
        "firstSeen": "8/19/2019",
        "latestData": "3/31/2025"
    },
    "19XA1": {
        "name": "APOLLO 11 50TH ANNIVERSARY 2019 PROOF $5 GOLD COIN AND KENNEDY-APOLLO INTAGLIO PRINT",
        "program": "Commemoratives",
        "sales": 1162,
        "firstSeen": "8/26/2019",
        "latestData": "1/26/2020"
    },
    "19XA2": {
        "name": "APOLLO 11 50TH ANNIVERSARY 2019 PROOF SILVER DOLLAR AND KENNEDY-APOLLO INTAGLIO PRINT",
        "program": "Commemoratives",
        "sales": 4974,
        "firstSeen": "8/26/2019",
        "latestData": "1/26/2020"
    },
    "19ABK": {
        "name": "2019 ATB QTR 100-COIN BAG - SAN ANTONIO MSN (P)",
        "program": "Rolls & Bags & Boxes",
        "sales": 2440,
        "firstSeen": "9/2/2019",
        "latestData": "1/30/2022"
    },
    "19ABL": {
        "name": "2019 ATB QTR 100-COIN BAG - SAN ANTONIO MSN (D)",
        "program": "Rolls & Bags & Boxes",
        "sales": 2446,
        "firstSeen": "9/2/2019",
        "latestData": "1/30/2022"
    },
    "19ABM": {
        "name": "2019 ATB QTR 100-COIN BAG - SAN ANTONIO MSN (S)",
        "program": "Rolls & Bags & Boxes",
        "sales": 4201,
        "firstSeen": "9/2/2019",
        "latestData": "1/30/2022"
    },
    "19AM": {
        "name": "2019 ATB SILVER UNC 5 OZ - SAN ANTONIO MSN",
        "program": "Precious Metal Products",
        "sales": 16309,
        "firstSeen": "9/2/2019",
        "latestData": "3/31/2025"
    },
    "19ARK": {
        "name": "2019 ATB QTR 2-ROLL SET - SAN ANTONIO MSN (P&D)",
        "program": "Rolls & Bags & Boxes",
        "sales": 6911,
        "firstSeen": "9/2/2019",
        "latestData": "1/30/2022"
    },
    "19ARL": {
        "name": "2019 ATB QTR 40-COIN ROLL - SAN ANTONIO MSN (S)",
        "program": "Rolls & Bags & Boxes",
        "sales": 3929,
        "firstSeen": "9/2/2019",
        "latestData": "1/30/2022"
    },
    "19ARM": {
        "name": "2019 ATB QTR 3-ROLL SET - SAN ANTONIO MSN (P&D&S)",
        "program": "Rolls & Bags & Boxes",
        "sales": 8858,
        "firstSeen": "9/2/2019",
        "latestData": "1/30/2022"
    },
    "19AG": {
        "name": "2019 ATB QTR 3-COIN SET - SAN ANTONIO MSN",
        "program": "Special Collectibles",
        "sales": 15394,
        "firstSeen": "9/16/2019",
        "latestData": "1/30/2022"
    },
    "19EK": {
        "name": "2019 AM EAGLE PALLADIUM PROOF 1 OZ",
        "program": "Precious Metal Products",
        "sales": 18839,
        "firstSeen": "9/16/2019",
        "latestData": "3/31/2025"
    },
    "19GBA": {
        "name": "2019 AI $1 100-COIN BAG - DE (P)",
        "program": "Rolls & Bags & Boxes",
        "sales": 3203,
        "firstSeen": "9/23/2019",
        "latestData": "3/31/2025"
    },
    "19GBE": {
        "name": "2019 AI $1 100-COIN BAG - DE (D)",
        "program": "Rolls & Bags & Boxes",
        "sales": 3385,
        "firstSeen": "9/23/2019",
        "latestData": "3/31/2025"
    },
    "19GRA": {
        "name": "2019 AI $1 25-COIN ROLL - DE (P)",
        "program": "Rolls & Bags & Boxes",
        "sales": 9112,
        "firstSeen": "9/23/2019",
        "latestData": "3/31/2025"
    },
    "19GRE": {
        "name": "2019 AI $1 25-COIN ROLL - DE (D)",
        "program": "Rolls & Bags & Boxes",
        "sales": 8372,
        "firstSeen": "9/23/2019",
        "latestData": "3/31/2025"
    },
    "19XA3": {
        "name": "AMERICAN LEGION 100TH ANNIVERSARY 2019 PROOF $5 GOLD COIN AND THE AMERICAN LEGION CENTENNIAL EMBLEM PRINT",
        "program": "Commemoratives",
        "sales": 277,
        "firstSeen": "9/23/2019",
        "latestData": "1/26/2020"
    },
    "19XA4": {
        "name": "2019 AMERICAN LEGION 100TH ANNIVERSARY 2019 PROOF SILVER DOLLAR AND THE AMERICAN LEGION CENTENNIAL EMBLEM PRINT",
        "program": "Commemoratives",
        "sales": 1787,
        "firstSeen": "9/23/2019",
        "latestData": "1/26/2020"
    },
    "19XA5": {
        "name": "AMERICAN LEGION 100TH ANNIVERSARY 2019 PROOF CLAD HALF DOLLAR AND THE AMERICAN LEGION CENTENNIAL EMBLEM PRINT",
        "program": "Commemoratives",
        "sales": 1026,
        "firstSeen": "9/23/2019",
        "latestData": "1/26/2020"
    },
    "19AC": {
        "name": "2019 ATB QTR CIRC SET",
        "program": "Annual Sets",
        "sales": 22819,
        "firstSeen": "10/14/2019",
        "latestData": "1/30/2022"
    },
    "19GA": {
        "name": "2019 AI $1 PROOF SET",
        "program": "Annual Sets",
        "sales": 149885,
        "firstSeen": "10/14/2019",
        "latestData": "3/31/2025"
    },
    "19RC": {
        "name": "2019 LIMITED EDITION SILVER PROOF SET",
        "program": "Special Collectibles",
        "sales": 49927,
        "firstSeen": "10/21/2019",
        "latestData": "3/31/2025"
    },
    "19GBB": {
        "name": "2019 AI $1 100-COIN BAG - PA (P)",
        "program": "Rolls & Bags & Boxes",
        "sales": 3689,
        "firstSeen": "10/27/2019",
        "latestData": "3/31/2025"
    },
    "19GBF": {
        "name": "2019 AI $1 100-COIN BAG - PA (D)",
        "program": "Rolls & Bags & Boxes",
        "sales": 3055,
        "firstSeen": "10/27/2019",
        "latestData": "3/31/2025"
    },
    "19GRB": {
        "name": "2019 AI $1 25-COIN ROLL - PA (P)",
        "program": "Rolls & Bags & Boxes",
        "sales": 10458,
        "firstSeen": "10/27/2019",
        "latestData": "3/31/2025"
    },
    "19GRF": {
        "name": "2019 AI $1 25-COIN ROLL - PA (D)",
        "program": "Rolls & Bags & Boxes",
        "sales": 8536,
        "firstSeen": "10/27/2019",
        "latestData": "3/31/2025"
    },
    "19RX": {
        "name": "2019 YOUTH COIN & CURRENCY SET",
        "program": "Special Collectibles",
        "sales": 24888,
        "firstSeen": "11/4/2019",
        "latestData": "3/31/2025"
    },
    "19ABN": {
        "name": "2019 ATB QTR 100-COIN BAG - FC RVR OF NO RTN (P)",
        "program": "Rolls & Bags & Boxes",
        "sales": 2446,
        "firstSeen": "11/11/2019",
        "latestData": "1/30/2022"
    },
    "19ABP": {
        "name": "2019 ATB QTR 100-COIN BAG - FC RVR OF NO RTN (D)",
        "program": "Rolls & Bags & Boxes",
        "sales": 2427,
        "firstSeen": "11/11/2019",
        "latestData": "1/30/2022"
    },
    "19ABQ": {
        "name": "2019 ATB QTR 100-COIN BAG - FC RVR OF NO RTN (S)",
        "program": "Rolls & Bags & Boxes",
        "sales": 4180,
        "firstSeen": "11/11/2019",
        "latestData": "1/30/2022"
    },
    "19ARN": {
        "name": "2019 ATB QTR 2-ROLL SET - FC RVR OF NO RTN (P&D)",
        "program": "Rolls & Bags & Boxes",
        "sales": 6912,
        "firstSeen": "11/11/2019",
        "latestData": "1/30/2022"
    },
    "19ARP": {
        "name": "2019 ATB QTR 40-COIN ROLL - FC RVR OF NO RTN (S)",
        "program": "Rolls & Bags & Boxes",
        "sales": 3961,
        "firstSeen": "11/11/2019",
        "latestData": "1/30/2022"
    },
    "19ARQ": {
        "name": "2019 ATB QTR 3-ROLL SET - FC RVR OF NO RTN (P&D&S)",
        "program": "Rolls & Bags & Boxes",
        "sales": 8876,
        "firstSeen": "11/11/2019",
        "latestData": "1/30/2022"
    },
    "19GE": {
        "name": "2019 AI $1 REV PRF - DE",
        "program": "Special Collectibles",
        "sales": 71676,
        "firstSeen": "11/11/2019",
        "latestData": "3/31/2025"
    },
    "19AN": {
        "name": "2019 ATB SILVER UNC 5 OZ - FC RVR OF NO RTN",
        "program": "Precious Metal Products",
        "sales": 16310,
        "firstSeen": "11/18/2019",
        "latestData": "1/30/2022"
    },
    "19XE": {
        "name": "2019 AMERICAN EAGLE ONE OUNCE SILVER ENHANCED REVERSE PROOF",
        "program": "Precious Metal Products",
        "sales": 29913,
        "firstSeen": "11/18/2019",
        "latestData": "3/31/2025"
    },
    "19GBC": {
        "name": "2019 AI $1 100-COIN BAG - NJ (P)",
        "program": "Rolls & Bags & Boxes",
        "sales": 3941,
        "firstSeen": "11/25/2019",
        "latestData": "3/31/2025"
    },
    "19GBG": {
        "name": "2019 AI $1 100-COIN BAG - NJ (D)",
        "program": "Rolls & Bags & Boxes",
        "sales": 3586,
        "firstSeen": "11/25/2019",
        "latestData": "3/31/2025"
    },
    "19GRC": {
        "name": "2019 AI $1 25-COIN ROLL - NJ (P)",
        "program": "Rolls & Bags & Boxes",
        "sales": 9103,
        "firstSeen": "11/25/2019",
        "latestData": "3/31/2025"
    },
    "19GRG": {
        "name": "2019 AI $1 25-COIN ROLL - NJ (D)",
        "program": "Rolls & Bags & Boxes",
        "sales": 8043,
        "firstSeen": "11/25/2019",
        "latestData": "3/31/2025"
    },
    "S806": {
        "name": "JQ ADAMS SILVER PRESIDENTIAL MEDAL",
        "program": "Precious Metal Products",
        "sales": 15084,
        "firstSeen": "11/25/2019",
        "latestData": "3/31/2025"
    },
    "19AH": {
        "name": "2019 ATB QTR 3-COIN SET - FC RVR OF NO RTN",
        "program": "Special Collectibles",
        "sales": 15379,
        "firstSeen": "12/2/2019",
        "latestData": "3/31/2025"
    },
    "19GF": {
        "name": "2019 AI $1 REV PRF - PA",
        "program": "Special Collectibles",
        "sales": 56351,
        "firstSeen": "12/9/2019",
        "latestData": "3/31/2025"
    },
    "19GBD": {
        "name": "2019 AI $1 100-COIN BAG - GA (P)",
        "program": "Rolls & Bags & Boxes",
        "sales": 3459,
        "firstSeen": "12/23/2019",
        "latestData": "3/31/2025"
    },
    "19GBH": {
        "name": "2019 AI $1 100-COIN BAG - GA (D)",
        "program": "Rolls & Bags & Boxes",
        "sales": 3766,
        "firstSeen": "12/23/2019",
        "latestData": "3/31/2025"
    },
    "19GRD": {
        "name": "2019 AI $1 25-COIN ROLL - GA (P)",
        "program": "Rolls & Bags & Boxes",
        "sales": 8094,
        "firstSeen": "12/23/2019",
        "latestData": "3/31/2025"
    },
    "19GRH": {
        "name": "2019 AI $1 25-COIN ROLL - GA (D)",
        "program": "Rolls & Bags & Boxes",
        "sales": 7542,
        "firstSeen": "12/23/2019",
        "latestData": "3/31/2025"
    },
    "20RD": {
        "name": "2020 BIRTH SET",
        "program": "Special Collectibles",
        "sales": 29330,
        "firstSeen": "1/6/2020",
        "latestData": "1/30/2022"
    },
    "20RE": {
        "name": "2020 HAPPY BIRTHDAY SET",
        "program": "Special Collectibles",
        "sales": 16738,
        "firstSeen": "1/6/2020",
        "latestData": "1/30/2022"
    },
    "19GG": {
        "name": "2019 AI $1 REV PRF - NJ",
        "program": "Special Collectibles",
        "sales": 52899,
        "firstSeen": "1/13/2020",
        "latestData": "3/31/2025"
    },
    "20EA": {
        "name": "2020 AM EAGLE SILVER PROOF 1 OZ (W)",
        "program": "Precious Metal Products",
        "sales": 365714,
        "firstSeen": "1/13/2020",
        "latestData": "3/31/2025"
    },
    "20EA040": {
        "name": "2020 AM EAGLE SILVER PROOF 1 OZ (W) - 40 COIN",
        "program": "Precious Metal Products",
        "sales": 600,
        "firstSeen": "1/13/2020",
        "latestData": "1/30/2022"
    },
    "20RF": {
        "name": "2020 CONGRATULATIONS SET",
        "program": "Special Collectibles",
        "sales": 24468,
        "firstSeen": "1/13/2020",
        "latestData": "3/31/2025"
    },
    "20AP": {
        "name": "2020 ATB QTR PROOF SET",
        "program": "Annual Sets",
        "sales": 64242,
        "firstSeen": "1/19/2020",
        "latestData": "1/30/2022"
    },
    "19GH": {
        "name": "2019 AI $1 REV PRF - GA",
        "program": "Special Collectibles",
        "sales": 48089,
        "firstSeen": "2/2/2020",
        "latestData": "3/31/2025"
    },
    "20AA": {
        "name": "2020 ATB QTR UNC SET",
        "program": "Annual Sets",
        "sales": 24791,
        "firstSeen": "2/2/2020",
        "latestData": "1/30/2022"
    },
    "20ABA": {
        "name": "2020 ATB QTR 100-COIN BAG - AMERICAN SAMOA (P)",
        "program": "Rolls & Bags & Boxes",
        "sales": 2456,
        "firstSeen": "2/2/2020",
        "latestData": "1/30/2022"
    },
    "20ABB": {
        "name": "2020 ATB QTR 100-COIN BAG - AMERICAN SAMOA (D)",
        "program": "Rolls & Bags & Boxes",
        "sales": 2480,
        "firstSeen": "2/2/2020",
        "latestData": "1/30/2022"
    },
    "20ABC": {
        "name": "2020 ATB QTR 100-COIN BAG - AMERICAN SAMOA (S)",
        "program": "Rolls & Bags & Boxes",
        "sales": 4236,
        "firstSeen": "2/2/2020",
        "latestData": "1/30/2022"
    },
    "20AD": {
        "name": "2020 ATB QTR 3-COIN SET - AMERICAN SAMOA",
        "program": "Special Collectibles",
        "sales": 15385,
        "firstSeen": "2/2/2020",
        "latestData": "1/30/2022"
    },
    "20AJ": {
        "name": "2020 ATB SILVER UNC 5 OZ - AMERICAN SAMOA",
        "program": "Precious Metal Products",
        "sales": 15781,
        "firstSeen": "2/2/2020",
        "latestData": "1/30/2022"
    },
    "20AQ": {
        "name": "2020 ATB QTR SILVER PROOF SET",
        "program": "Annual Sets",
        "sales": 64012,
        "firstSeen": "2/2/2020",
        "latestData": "3/31/2025"
    },
    "20ARA": {
        "name": "2020 ATB QTR 2-ROLL SET - AMERICAN SAMOA (P&D)",
        "program": "Rolls & Bags & Boxes",
        "sales": 6991,
        "firstSeen": "2/2/2020",
        "latestData": "1/30/2022"
    },
    "20ARB": {
        "name": "2020 ATB QTR 40-COIN ROLL - AMERICAN SAMOA (S)",
        "program": "Rolls & Bags & Boxes",
        "sales": 3974,
        "firstSeen": "2/2/2020",
        "latestData": "1/30/2022"
    },
    "20ARC": {
        "name": "2020 ATB QTR 3-ROLL SET - AMERICAN SAMOA (P&D&S)",
        "program": "Rolls & Bags & Boxes",
        "sales": 8930,
        "firstSeen": "2/2/2020",
        "latestData": "1/30/2022"
    },
    "20EB": {
        "name": "2020 AM EAGLE GOLD PROOF 1 OZ",
        "program": "Precious Metal Products",
        "sales": 5784,
        "firstSeen": "2/2/2020",
        "latestData": "1/30/2022"
    },
    "20EC": {
        "name": "2020 AM EAGLE GOLD PROOF 1/2 OZ.",
        "program": "Precious Metal Products",
        "sales": 2446,
        "firstSeen": "2/2/2020",
        "latestData": "1/30/2022"
    },
    "20ED": {
        "name": "2020 AM EAGLE GOLD PROOF 1/4 OZ.",
        "program": "Precious Metal Products",
        "sales": 4232,
        "firstSeen": "2/2/2020",
        "latestData": "1/30/2022"
    },
    "20EE": {
        "name": "2020 AM EAGLE GOLD PROOF 1/10 OZ.",
        "program": "Precious Metal Products",
        "sales": 12459,
        "firstSeen": "2/2/2020",
        "latestData": "1/30/2022"
    },
    "20EF": {
        "name": "2020 AM EAGLE GOLD PROOF 4-COIN SET",
        "program": "Precious Metal Products",
        "sales": 11756,
        "firstSeen": "2/2/2020",
        "latestData": "3/31/2025"
    },
    "20EJ": {
        "name": "2020 AM EAGLE PLATINUM PROOF 1 OZ",
        "program": "Precious Metal Products",
        "sales": 9837,
        "firstSeen": "2/2/2020",
        "latestData": "3/31/2025"
    },
    "20NA": {
        "name": "2020 NA $1 25-COIN ROLL (P)",
        "program": "Rolls & Bags & Boxes",
        "sales": 17355,
        "firstSeen": "2/2/2020",
        "latestData": "3/31/2025"
    },
    "20NB": {
        "name": "2020 NA $1 25-COIN ROLL (D)",
        "program": "Rolls & Bags & Boxes",
        "sales": 16030,
        "firstSeen": "2/2/2020",
        "latestData": "1/30/2022"
    },
    "20NC": {
        "name": "2020 NA $1 250-COIN BOX (P)",
        "program": "Rolls & Bags & Boxes",
        "sales": 1888,
        "firstSeen": "2/2/2020",
        "latestData": "1/30/2022"
    },
    "20ND": {
        "name": "2020 NA $1 250-COIN BOX (D)",
        "program": "Rolls & Bags & Boxes",
        "sales": 1956,
        "firstSeen": "2/2/2020",
        "latestData": "1/30/2022"
    },
    "20NE": {
        "name": "2020 NA $1 100-COIN BAG (P)",
        "program": "Rolls & Bags & Boxes",
        "sales": 1960,
        "firstSeen": "2/2/2020",
        "latestData": "1/30/2022"
    },
    "20NF": {
        "name": "2020 NA $1 100-COIN BAG (D)",
        "program": "Rolls & Bags & Boxes",
        "sales": 1981,
        "firstSeen": "2/2/2020",
        "latestData": "1/30/2022"
    },
    "20RG": {
        "name": "2020 PROOF SET (+ W1 NICKEL)",
        "program": "Annual Sets",
        "sales": 464730,
        "firstSeen": "2/2/2020",
        "latestData": "3/31/2025"
    },
    "S807": {
        "name": "ANDREW JACKSON PRESIDENTIAL SILVER MEDAL",
        "program": "Precious Metal Products",
        "sales": 16976,
        "firstSeen": "2/2/2020",
        "latestData": "3/31/2025"
    },
    "20EL": {
        "name": "2020 AM BUFFALO GOLD PROOF 1 OZ.",
        "program": "Precious Metal Products",
        "sales": 11887,
        "firstSeen": "4/12/2020",
        "latestData": "1/30/2022"
    },
    "20RH": {
        "name": "2020 SILVER PROOF SET (+ W2 NICKEL)",
        "program": "Annual Sets",
        "sales": 313183,
        "firstSeen": "4/19/2020",
        "latestData": "3/31/2025"
    },
    "20ABD": {
        "name": "2020 ATB QTR 100-COIN BAG - WEIR FARM (P)",
        "program": "Rolls & Bags & Boxes",
        "sales": 2471,
        "firstSeen": "5/24/2020",
        "latestData": "1/30/2022"
    },
    "20ABE": {
        "name": "2020 ATB QTR 100-COIN BAG - WEIR FARM (D)",
        "program": "Rolls & Bags & Boxes",
        "sales": 2470,
        "firstSeen": "5/24/2020",
        "latestData": "1/30/2022"
    },
    "20ABF": {
        "name": "2020 ATB QTR 100-COIN BAG - WEIR FARM (S)",
        "program": "Rolls & Bags & Boxes",
        "sales": 4281,
        "firstSeen": "5/24/2020",
        "latestData": "1/30/2022"
    },
    "20AK": {
        "name": "2020 ATB SILVER UNC 5 OZ - WEIR FARM",
        "program": "Precious Metal Products",
        "sales": 15399,
        "firstSeen": "5/24/2020",
        "latestData": "3/31/2025"
    },
    "20ARD": {
        "name": "2020 ATB QTR 2-ROLL SET - WEIR FARM (P&D)",
        "program": "Rolls & Bags & Boxes",
        "sales": 6963,
        "firstSeen": "5/24/2020",
        "latestData": "3/31/2025"
    },
    "20ARE": {
        "name": "2020 ATB QTR 40-COIN ROLL - WEIR FARM (S)",
        "program": "Rolls & Bags & Boxes",
        "sales": 4013,
        "firstSeen": "5/24/2020",
        "latestData": "1/30/2022"
    },
    "20ARF": {
        "name": "2020 ATB QTR 3-ROLL SET - WEIR FARM (P&D&S)",
        "program": "Rolls & Bags & Boxes",
        "sales": 8930,
        "firstSeen": "5/24/2020",
        "latestData": "1/30/2022"
    },
    "20CA": {
        "name": "2020 BASKETBALL HALL OF FAME - GOLD PROOF CURVED COIN",
        "program": "Commemoratives",
        "sales": 8072,
        "firstSeen": "6/7/2020",
        "latestData": "1/30/2022"
    },
    "20CB": {
        "name": "2020 BASKETBALL HALL OF FAME - GOLD UNC CURVED COIN",
        "program": "Commemoratives",
        "sales": 3263,
        "firstSeen": "6/7/2020",
        "latestData": "1/30/2022"
    },
    "20CC": {
        "name": "2020 BASKETBALL HALL OF FAME - SILVER PROOF CURVED COIN",
        "program": "Commemoratives",
        "sales": 68758,
        "firstSeen": "6/7/2020",
        "latestData": "1/30/2022"
    },
    "20CD": {
        "name": "2020 BASKETBALL HALL OF FAME - SILVER UNC CURVED COIN",
        "program": "Commemoratives",
        "sales": 21319,
        "firstSeen": "6/7/2020",
        "latestData": "1/30/2022"
    },
    "20CE": {
        "name": "2020 BASKETBALL HALL OF FAME - CLAD PROOF CURVED COIN",
        "program": "Commemoratives",
        "sales": 26574,
        "firstSeen": "6/7/2020",
        "latestData": "1/30/2022"
    },
    "20CG": {
        "name": "2020 BASKETBALL HALL OF FAME - CLAD UNC CURVED COIN",
        "program": "Commemoratives",
        "sales": 13637,
        "firstSeen": "6/7/2020",
        "latestData": "1/30/2022"
    },
    "20CH": {
        "name": "2020 BASKETBALL HALL OF FAME KID SET -",
        "program": "Commemoratives",
        "sales": 22530,
        "firstSeen": "6/7/2020",
        "latestData": "1/30/2022"
    },
    "20KA": {
        "name": "2020 HALF-DOLLAR 200-COIN BAG (P&D)",
        "program": "Rolls & Bags & Boxes",
        "sales": 11776,
        "firstSeen": "6/7/2020",
        "latestData": "1/30/2022"
    },
    "20KB": {
        "name": "2020 HALF-DOLLAR 2-ROLL SET (P&D)",
        "program": "Rolls & Bags & Boxes",
        "sales": 24312,
        "firstSeen": "6/7/2020",
        "latestData": "1/30/2022"
    },
    "20AE": {
        "name": "2020 ATB QTR 3-COIN SET - WEIR FARM",
        "program": "Special Collectibles",
        "sales": 15409,
        "firstSeen": "7/5/2020",
        "latestData": "1/30/2022"
    },
    "20ABG": {
        "name": "2020 ATB QTR 100-COIN BAG - SALT RIVER (P)",
        "program": "Rolls & Bags & Boxes",
        "sales": 2488,
        "firstSeen": "7/12/2020",
        "latestData": "1/30/2022"
    },
    "20ABH": {
        "name": "2020 ATB QTR 100-COIN BAG - SALT RIVER (D)",
        "program": "Rolls & Bags & Boxes",
        "sales": 2422,
        "firstSeen": "7/12/2020",
        "latestData": "1/30/2022"
    },
    "20ABJ": {
        "name": "2020 ATB QTR 100-COIN BAG - SALT RIVER (S)",
        "program": "Rolls & Bags & Boxes",
        "sales": 4156,
        "firstSeen": "7/12/2020",
        "latestData": "1/30/2022"
    },
    "20AF": {
        "name": "2020 ATB QTR 3-COIN SET - SALT RIVER",
        "program": "Special Collectibles",
        "sales": 15387,
        "firstSeen": "7/12/2020",
        "latestData": "1/30/2022"
    },
    "20ARG": {
        "name": "2020 ATB QTR 2-ROLL SET - SALT RIVER (P&D)",
        "program": "Rolls & Bags & Boxes",
        "sales": 6983,
        "firstSeen": "7/12/2020",
        "latestData": "3/31/2025"
    },
    "20ARH": {
        "name": "2020 ATB QTR 40-COIN ROLL - SALT RIVER (S)",
        "program": "Rolls & Bags & Boxes",
        "sales": 4005,
        "firstSeen": "7/12/2020",
        "latestData": "1/30/2022"
    },
    "20ARJ": {
        "name": "2020 ATB QTR 3-ROLL SET - SALT RIVER (P&D&S)",
        "program": "Rolls & Bags & Boxes",
        "sales": 8969,
        "firstSeen": "7/12/2020",
        "latestData": "3/31/2025"
    },
    "20EG": {
        "name": "2020 AM EAGLE SILVER UNC 1 OZ (W)",
        "program": "Precious Metal Products",
        "sales": 154261,
        "firstSeen": "7/12/2020",
        "latestData": "3/31/2025"
    },
    "20EG040": {
        "name": "2020 AM EAGLE SILVER UNC 1 OZ (W) 40 COIN",
        "program": "Precious Metal Products",
        "sales": 15,
        "firstSeen": "7/12/2020",
        "latestData": "1/30/2022"
    },
    "20GE": {
        "name": "2020 AI $1 REV PRF - CT",
        "program": "Special Collectibles",
        "sales": 47877,
        "firstSeen": "7/26/2020",
        "latestData": "3/31/2025"
    },
    "20CJ": {
        "name": "2020 WOMENS SUFFRAGE CENTENNIAL PROOF SILVER DOLLAR",
        "program": "Commemoratives",
        "sales": 33443,
        "firstSeen": "8/23/2020",
        "latestData": "1/30/2022"
    },
    "20CK": {
        "name": "2020 WOMENS SUFFRAGE CENTENNIAL UNCIRCULATED SILVER DOLLAR",
        "program": "Commemoratives",
        "sales": 12603,
        "firstSeen": "8/23/2020",
        "latestData": "1/30/2022"
    },
    "20CM": {
        "name": "2020 WOMENS SUFFRAGE CENTENNIAL SILVER DOLLAR AND MEDAL SET",
        "program": "Commemoratives",
        "sales": 9998,
        "firstSeen": "8/23/2020",
        "latestData": "1/30/2022"
    },
    "20PB": {
        "name": "2020 FS GOLD PROOF 1/2 OZ - BUSH",
        "program": "First Spouse",
        "sales": 2967,
        "firstSeen": "8/23/2020",
        "latestData": "3/31/2025"
    },
    "20PC": {
        "name": "2020 FS GOLD UNC 1/2 OZ - BUSH",
        "program": "First Spouse",
        "sales": 1969,
        "firstSeen": "8/23/2020",
        "latestData": "3/31/2025"
    },
    "20CN": {
        "name": "2020 BASKETBALL HALL OF FAME - SILVER COLORIZED CURVED COIN",
        "program": "Commemoratives",
        "sales": 25721,
        "firstSeen": "8/30/2020",
        "latestData": "1/30/2022"
    },
    "20CP": {
        "name": "2020 BASKETBALL HALL OF FAME - CLAD COLORIZED CURVED COIN",
        "program": "Commemoratives",
        "sales": 32583,
        "firstSeen": "8/30/2020",
        "latestData": "1/30/2022"
    },
    "20AL": {
        "name": "2020 ATB SILVER UNC 5 OZ - SALT RIVER",
        "program": "Precious Metal Products",
        "sales": 13566,
        "firstSeen": "9/20/2020",
        "latestData": "3/31/2025"
    },
    "20ABK": {
        "name": "2020 ATB QTR 100-COIN BAG - MARSH BILLINGS (P)",
        "program": "Rolls & Bags & Boxes",
        "sales": 2415,
        "firstSeen": "9/27/2020",
        "latestData": "1/30/2022"
    },
    "20ABL": {
        "name": "2020 ATB QTR 100-COIN BAG - MARSH BILLINGS (D)",
        "program": "Rolls & Bags & Boxes",
        "sales": 2331,
        "firstSeen": "9/27/2020",
        "latestData": "1/30/2022"
    },
    "20ABM": {
        "name": "2020 ATB QTR 100-COIN BAG - MARSH BILLINGS (S)",
        "program": "Rolls & Bags & Boxes",
        "sales": 4183,
        "firstSeen": "9/27/2020",
        "latestData": "1/30/2022"
    },
    "20ARK": {
        "name": "2020 ATB QTR 2-ROLL SET - MARSH BILLINGS (P&D)",
        "program": "Rolls & Bags & Boxes",
        "sales": 6956,
        "firstSeen": "9/27/2020",
        "latestData": "3/31/2025"
    },
    "20ARL": {
        "name": "2020 ATB QTR 40-COIN ROLL - MARSH BILLINGS (S)",
        "program": "Rolls & Bags & Boxes",
        "sales": 3961,
        "firstSeen": "9/27/2020",
        "latestData": "3/31/2025"
    },
    "20ARM": {
        "name": "2020 ATB QTR 3-ROLL SET - MARSH BILLINGS (P&D&S)",
        "program": "Rolls & Bags & Boxes",
        "sales": 8834,
        "firstSeen": "9/27/2020",
        "latestData": "1/30/2022"
    },
    "20EK": {
        "name": "2020 AM EAGLE PALLADIUM UNC 1 OZ",
        "program": "Precious Metal Products",
        "sales": 9746,
        "firstSeen": "9/27/2020",
        "latestData": "3/31/2025"
    },
    "20GBA": {
        "name": "2020 AI $1 100-COIN BAG - CT (P)",
        "program": "Rolls & Bags & Boxes",
        "sales": 2736,
        "firstSeen": "10/4/2020",
        "latestData": "1/30/2022"
    },
    "20GBE": {
        "name": "2020 AI $1 100-COIN BAG - CT (D)",
        "program": "Rolls & Bags & Boxes",
        "sales": 2747,
        "firstSeen": "10/4/2020",
        "latestData": "1/30/2022"
    },
    "20GRA": {
        "name": "2020 AI $1 25-COIN ROLL - CT (P)",
        "program": "Rolls & Bags & Boxes",
        "sales": 6496,
        "firstSeen": "10/4/2020",
        "latestData": "1/30/2022"
    },
    "20GRE": {
        "name": "2020 AI $1 25-COIN ROLL - CT (D)",
        "program": "Rolls & Bags & Boxes",
        "sales": 6425,
        "firstSeen": "10/4/2020",
        "latestData": "1/30/2022"
    },
    "20AC": {
        "name": "2020 ATB QTR CIRC SET",
        "program": "Annual Sets",
        "sales": 24849,
        "firstSeen": "10/11/2020",
        "latestData": "1/30/2022"
    },
    "20GA": {
        "name": "2020 AI $1 PROOF SET",
        "program": "Annual Sets",
        "sales": 108400,
        "firstSeen": "10/11/2020",
        "latestData": "3/31/2025"
    },
    "20EM": {
        "name": "2020 AM EAGLE SILVER PROOF 1 OZ (S)",
        "program": "Precious Metal Products",
        "sales": 198876,
        "firstSeen": "10/18/2020",
        "latestData": "3/31/2025"
    },
    "20EM040": {
        "name": "2020 AM EAGLE SILVER PROOF 1 OZ (S) 40 COIN",
        "program": "Precious Metal Products",
        "sales": 440,
        "firstSeen": "10/18/2020",
        "latestData": "1/30/2022"
    },
    "20AG": {
        "name": "2020 ATB QTR 3-COIN SET - MARSH BILLINGS",
        "program": "Special Collectibles",
        "sales": 15349,
        "firstSeen": "10/25/2020",
        "latestData": "1/30/2022"
    },
    "20GBB": {
        "name": "2020 AI $1 100-COIN BAG - MA (P)",
        "program": "Rolls & Bags & Boxes",
        "sales": 2746,
        "firstSeen": "11/1/2020",
        "latestData": "1/30/2022"
    },
    "20GBF": {
        "name": "2020 AI $1 100-COIN BAG - MA (D)",
        "program": "Rolls & Bags & Boxes",
        "sales": 2744,
        "firstSeen": "11/1/2020",
        "latestData": "1/30/2022"
    },
    "20GRB": {
        "name": "2020 AI $1 25-COIN ROLL - MA (P)",
        "program": "Rolls & Bags & Boxes",
        "sales": 6486,
        "firstSeen": "11/1/2020",
        "latestData": "1/30/2022"
    },
    "20GRF": {
        "name": "2020 AI $1 25-COIN ROLL - MA (D)",
        "program": "Rolls & Bags & Boxes",
        "sales": 6481,
        "firstSeen": "11/1/2020",
        "latestData": "1/30/2022"
    },
    "20AH": {
        "name": "2020 ATB QTR 3-COIN SET - TALLGRASS",
        "program": "Special Collectibles",
        "sales": 15392,
        "firstSeen": "11/8/2020",
        "latestData": "1/30/2022"
    },
    "20XE": {
        "name": "2020 75TH ANNIVERSARY OF THE END OF WWII AE 1 OZ GLD PRF W/PRIVY MARK",
        "program": "Special Collectibles",
        "sales": 1939,
        "firstSeen": "11/8/2020",
        "latestData": "1/30/2022"
    },
    "20XF": {
        "name": "2020 75TH ANNIVERSARY OF THE END OF WWII AE 1 OZ SLV PRF W/PRIVY MARK",
        "program": "Special Collectibles",
        "sales": 74709,
        "firstSeen": "11/8/2020",
        "latestData": "3/31/2025"
    },
    "20XG": {
        "name": "2020 75TH ANNIVERSARY OF THE END OF WWII 24K 1/2 OZ GOLD PROOF",
        "program": "Special Collectibles",
        "sales": 7419,
        "firstSeen": "11/15/2020",
        "latestData": "3/31/2025"
    },
    "20XH": {
        "name": "2020 75TH ANNIVERSARY OF THE END OF WWII 1 OZ SILVER MEDAL",
        "program": "Special Collectibles",
        "sales": 19699,
        "firstSeen": "11/15/2020",
        "latestData": "1/30/2022"
    },
    "20ABN": {
        "name": "2020 ATB QTR 100-COIN BAG - TALLGRASS (P)",
        "program": "Rolls & Bags & Boxes",
        "sales": 2499,
        "firstSeen": "11/22/2020",
        "latestData": "1/30/2022"
    },
    "20ABP": {
        "name": "2020 ATB QTR 100-COIN BAG - TALLGRASS (D)",
        "program": "Rolls & Bags & Boxes",
        "sales": 2478,
        "firstSeen": "11/22/2020",
        "latestData": "1/30/2022"
    },
    "20ABQ": {
        "name": "2020 ATB QTR 100-COIN BAG - TALLGRASS (S)",
        "program": "Rolls & Bags & Boxes",
        "sales": 4193,
        "firstSeen": "11/22/2020",
        "latestData": "1/30/2022"
    },
    "20ARN": {
        "name": "2020 ATB QTR 2-ROLL SET - TALLGRASS (P&D)",
        "program": "Rolls & Bags & Boxes",
        "sales": 6958,
        "firstSeen": "11/22/2020",
        "latestData": "3/31/2025"
    },
    "20ARP": {
        "name": "2020 ATB QTR 40-COIN ROLL - TALLGRASS (S)",
        "program": "Rolls & Bags & Boxes",
        "sales": 3993,
        "firstSeen": "11/22/2020",
        "latestData": "3/31/2025"
    },
    "20ARQ": {
        "name": "2020 ATB QTR 3-ROLL SET - TALLGRASS (P&D&S)",
        "program": "Rolls & Bags & Boxes",
        "sales": 8930,
        "firstSeen": "11/22/2020",
        "latestData": "3/31/2025"
    },
    "20EH": {
        "name": "2020 AM EAGLE GOLD UNC 1 OZ",
        "program": "Precious Metal Products",
        "sales": 6284,
        "firstSeen": "11/22/2020",
        "latestData": "1/30/2022"
    },
    "20XA": {
        "name": "2020 MAYFLOWER 400 USM /RM GOLD TWO-COIN SET",
        "program": "Special Collectibles",
        "sales": 4743,
        "firstSeen": "11/22/2020",
        "latestData": "1/30/2022"
    },
    "20XB": {
        "name": "2020 MAYFLOWER 400 USM SILVER MEDAL/RM SILVER PROOF COIN SET",
        "program": "Special Collectibles",
        "sales": 9072,
        "firstSeen": "11/22/2020",
        "latestData": "3/31/2025"
    },
    "20XC": {
        "name": "2020 MAYFLOWER 400 USM 24K OZ. GOLD COIN",
        "program": "Special Collectibles",
        "sales": 4881,
        "firstSeen": "11/22/2020",
        "latestData": "1/30/2022"
    },
    "20XD": {
        "name": "2020 MAYFLOWER 400 USM SILVER MEDAL",
        "program": "Special Collectibles",
        "sales": 19613,
        "firstSeen": "11/22/2020",
        "latestData": "3/31/2025"
    },
    "20XT": {
        "name": "2020 MIGHTY MINTERS ORNAMENT",
        "program": "Special Collectibles",
        "sales": 4589,
        "firstSeen": "11/22/2020",
        "latestData": "3/31/2025"
    },
    "20XU": {
        "name": "2020 UNITED STATES MINT ORNAMENT",
        "program": "Special Collectibles",
        "sales": 6719,
        "firstSeen": "11/22/2020",
        "latestData": "3/31/2025"
    },
    "20AM": {
        "name": "2020 ATB SILVER UNC 5 OZ - MARSH BILLINGS",
        "program": "Precious Metal Products",
        "sales": 13601,
        "firstSeen": "11/29/2020",
        "latestData": "3/31/2025"
    },
    "20GF": {
        "name": "2020 AI $1 REV PRF - MA",
        "program": "Special Collectibles",
        "sales": 49785,
        "firstSeen": "11/29/2020",
        "latestData": "3/31/2025"
    },
    "20PD": {
        "name": "2020 PRES $1 25-COIN ROLL - BUSH (P)",
        "program": "Rolls & Bags & Boxes",
        "sales": 24926,
        "firstSeen": "12/6/2020",
        "latestData": "3/31/2025"
    },
    "20PE": {
        "name": "2020 PRES $1 25-COIN ROLL - BUSH (D)",
        "program": "Rolls & Bags & Boxes",
        "sales": 24849,
        "firstSeen": "12/6/2020",
        "latestData": "3/31/2025"
    },
    "20PF": {
        "name": "2020 PRES $1 250-COIN BOX - BUSH (P)",
        "program": "Rolls & Bags & Boxes",
        "sales": 4703,
        "firstSeen": "12/6/2020",
        "latestData": "3/31/2025"
    },
    "20PG": {
        "name": "2020 PRES $1 250-COIN BOX - BUSH (D)",
        "program": "Rolls & Bags & Boxes",
        "sales": 5910,
        "firstSeen": "12/6/2020",
        "latestData": "3/31/2025"
    },
    "20PH": {
        "name": "2020 PRES $1 100-COIN BAG - BUSH (P)",
        "program": "Rolls & Bags & Boxes",
        "sales": 2695,
        "firstSeen": "12/6/2020",
        "latestData": "1/30/2022"
    },
    "20PJ": {
        "name": "2020 PRES $1 100-COIN BAG - BUSH (D)",
        "program": "Rolls & Bags & Boxes",
        "sales": 2098,
        "firstSeen": "12/6/2020",
        "latestData": "1/30/2022"
    },
    "20RJ": {
        "name": "2020 UNC SET",
        "program": "Annual Sets",
        "sales": 211787,
        "firstSeen": "12/6/2020",
        "latestData": "1/30/2022"
    },
    "20AN": {
        "name": "2020 ATB SILVER UNC 5 OZ - TALLGRASS",
        "program": "Precious Metal Products",
        "sales": 13613,
        "firstSeen": "12/13/2020",
        "latestData": "1/30/2022"
    },
    "20RC": {
        "name": "2020 LIMITED EDITION SILVER PROOF SET",
        "program": "Special Collectibles",
        "sales": 50061,
        "firstSeen": "12/13/2020",
        "latestData": "3/31/2025"
    },
    "20GBC": {
        "name": "2020 AI $1 100-COIN BAG - MD (P)",
        "program": "Rolls & Bags & Boxes",
        "sales": 2725,
        "firstSeen": "12/20/2020",
        "latestData": "1/30/2022"
    },
    "20GBG": {
        "name": "2020 AI $1 100-COIN BAG - MD (D)",
        "program": "Rolls & Bags & Boxes",
        "sales": 2737,
        "firstSeen": "12/20/2020",
        "latestData": "1/30/2022"
    },
    "20GRC": {
        "name": "2020 AI $1 25-COIN ROLL - MD (P)",
        "program": "Rolls & Bags & Boxes",
        "sales": 6493,
        "firstSeen": "12/20/2020",
        "latestData": "1/30/2022"
    },
    "20GRG": {
        "name": "2020 AI $1 25-COIN ROLL - MD (D)",
        "program": "Rolls & Bags & Boxes",
        "sales": 6471,
        "firstSeen": "12/20/2020",
        "latestData": "1/30/2022"
    },
    "20PK": {
        "name": "2020 PRES $1 & FS MDL SET - BUSH",
        "program": "Special Collectibles",
        "sales": 9876,
        "firstSeen": "12/27/2020",
        "latestData": "1/30/2022"
    },
    "20GG": {
        "name": "2020 AI $1 REV PRF - MD",
        "program": "Special Collectibles",
        "sales": 49852,
        "firstSeen": "1/3/2021",
        "latestData": "3/31/2025"
    },
    "21RD": {
        "name": "2021 BIRTH SET",
        "program": "Special Collectibles",
        "sales": 29789,
        "firstSeen": "1/10/2021",
        "latestData": "3/31/2025"
    },
    "21RE": {
        "name": "2021 HAPPY BIRTHDAY SET",
        "program": "Special Collectibles",
        "sales": 16984,
        "firstSeen": "1/10/2021",
        "latestData": "3/31/2025"
    },
    "20GBD": {
        "name": "2020 AI $1 100-COIN BAG - SC (P)",
        "program": "Rolls & Bags & Boxes",
        "sales": 2734,
        "firstSeen": "1/24/2021",
        "latestData": "1/30/2022"
    },
    "20GBH": {
        "name": "2020 AI $1 100-COIN BAG - SC (D)",
        "program": "Rolls & Bags & Boxes",
        "sales": 2378,
        "firstSeen": "1/24/2021",
        "latestData": "1/30/2022"
    },
    "20GRD": {
        "name": "2020 AI $1 25-COIN ROLL - SC (P)",
        "program": "Rolls & Bags & Boxes",
        "sales": 6378,
        "firstSeen": "1/24/2021",
        "latestData": "1/30/2022"
    },
    "20GRH": {
        "name": "2020 AI $1 25-COIN ROLL - SC (D)",
        "program": "Rolls & Bags & Boxes",
        "sales": 6399,
        "firstSeen": "1/24/2021",
        "latestData": "1/30/2022"
    },
    "21CA": {
        "name": "2021 NATIONAL LAW ENFORCEMENT MUSEUM GOLD PROOF",
        "program": "Commemoratives",
        "sales": 1473,
        "firstSeen": "1/31/2021",
        "latestData": "3/31/2025"
    },
    "21CB": {
        "name": "2021 NATIONAL LAW ENFORCEMENT MUSEUM GOLD UNC",
        "program": "Commemoratives",
        "sales": 1753,
        "firstSeen": "1/31/2021",
        "latestData": "3/31/2025"
    },
    "21CC": {
        "name": "2021 NATIONAL LAW ENFORCEMENT MUSEUM SILVER PROOF",
        "program": "Commemoratives",
        "sales": 29701,
        "firstSeen": "1/31/2021",
        "latestData": "3/31/2025"
    },
    "21CD": {
        "name": "2021 NATIONAL LAW ENFORCEMENT MUSEUM SILVER UNC",
        "program": "Commemoratives",
        "sales": 9422,
        "firstSeen": "1/31/2021",
        "latestData": "3/31/2025"
    },
    "21CE": {
        "name": "2021 NATIONAL LAW ENFORCEMENT MUSEUM CLAD PROOF",
        "program": "Commemoratives",
        "sales": 23307,
        "firstSeen": "1/31/2021",
        "latestData": "3/31/2025"
    },
    "21CF": {
        "name": "2021 NATIONAL LAW ENFORCEMENT MUSEUM CLAD UNC",
        "program": "Commemoratives",
        "sales": 10171,
        "firstSeen": "1/31/2021",
        "latestData": "3/31/2025"
    },
    "21CG": {
        "name": "2021 NATIONAL LAW ENFORCEMENT MUSEUM 3-COIN SET",
        "program": "Commemoratives",
        "sales": 4391,
        "firstSeen": "1/31/2021",
        "latestData": "3/31/2025"
    },
    "21CH": {
        "name": "2021 CHRISTA MCAULIFFE SILVER PROOF",
        "program": "Commemoratives",
        "sales": 54222,
        "firstSeen": "1/31/2021",
        "latestData": "3/31/2025"
    },
    "21CJ": {
        "name": "2021 CHRISTA MCAULIFFE SILVER UNC",
        "program": "Commemoratives",
        "sales": 16025,
        "firstSeen": "1/31/2021",
        "latestData": "3/31/2025"
    },
    "20GH": {
        "name": "2020 AI $1 REV PRF - SC",
        "program": "Special Collectibles",
        "sales": 43751,
        "firstSeen": "2/7/2021",
        "latestData": "3/31/2025"
    },
    "21EJ": {
        "name": "2021 AM EAGLE PLATINUM PROOF 1 OZ",
        "program": "Precious Metal Products",
        "sales": 9884,
        "firstSeen": "2/7/2021",
        "latestData": "3/31/2025"
    },
    "S808": {
        "name": "MARTIN VAN BUREN PRESIDENTIAL SILVER MEDAL",
        "program": "Precious Metal Products",
        "sales": 14016,
        "firstSeen": "2/7/2021",
        "latestData": "3/31/2025"
    },
    "21ABA": {
        "name": "2021 ATB QTR 100-COIN BAG - TUSKEGEE AIRMEN (P)",
        "program": "Rolls & Bags & Boxes",
        "sales": 2367,
        "firstSeen": "2/14/2021",
        "latestData": "3/31/2025"
    },
    "21ABB": {
        "name": "2021 ATB QTR 100-COIN BAG - TUSKEGEE AIRMEN (D)",
        "program": "Rolls & Bags & Boxes",
        "sales": 2380,
        "firstSeen": "2/14/2021",
        "latestData": "3/31/2025"
    },
    "21ABC": {
        "name": "2021 ATB QTR 100-COIN BAG - TUSKEGEE AIRMEN (S)",
        "program": "Rolls & Bags & Boxes",
        "sales": 4031,
        "firstSeen": "2/14/2021",
        "latestData": "3/31/2025"
    },
    "21ARA": {
        "name": "2021 ATB QTR 2-ROLL SET -TUSKEGEE AIRMEN (P&D)",
        "program": "Rolls & Bags & Boxes",
        "sales": 5374,
        "firstSeen": "2/14/2021",
        "latestData": "3/31/2025"
    },
    "21ARB": {
        "name": "2021 ATB QTR 40-COIN ROLL - TUSKEGEE AIRMEN (S)",
        "program": "Rolls & Bags & Boxes",
        "sales": 3358,
        "firstSeen": "2/14/2021",
        "latestData": "3/31/2025"
    },
    "21ARC": {
        "name": "2021 ATB QTR 3-ROLL SET - TUSKEGEE AIRMEN (P&D&S)",
        "program": "Rolls & Bags & Boxes",
        "sales": 7642,
        "firstSeen": "2/14/2021",
        "latestData": "3/31/2025"
    },
    "21EA": {
        "name": "2021 AM EAGLE SILVER PROOF 1 OZ (W)",
        "program": "Precious Metal Products",
        "sales": 299898,
        "firstSeen": "2/14/2021",
        "latestData": "3/31/2025"
    },
    "21RF": {
        "name": "2021 CONGRATULATIONS SET",
        "program": "Special Collectibles",
        "sales": 39997,
        "firstSeen": "2/14/2021",
        "latestData": "3/31/2025"
    },
    "21AD": {
        "name": "2021 ATB QTR 3-COIN SET - TUSKEGEE AIRMEN",
        "program": "Special Collectibles",
        "sales": 15472,
        "firstSeen": "2/21/2021",
        "latestData": "3/31/2025"
    },
    "21EA040": {
        "name": "2021 AM EAGLE SILVER PROOF 1 OZ (W) - 40 COIN",
        "program": "Precious Metal Products",
        "sales": 686,
        "firstSeen": "2/21/2021",
        "latestData": "3/31/2025"
    },
    "21NA": {
        "name": "2021 NA $1 25-COIN ROLL (P)",
        "program": "Rolls & Bags & Boxes",
        "sales": 16003,
        "firstSeen": "2/21/2021",
        "latestData": "3/31/2025"
    },
    "21NB": {
        "name": "2021 NA $1 25-COIN ROLL (D)",
        "program": "Rolls & Bags & Boxes",
        "sales": 14969,
        "firstSeen": "2/21/2021",
        "latestData": "3/31/2025"
    },
    "21NC": {
        "name": "2021 NA $1 250-COIN BOX (P)",
        "program": "Rolls & Bags & Boxes",
        "sales": 1798,
        "firstSeen": "2/21/2021",
        "latestData": "3/31/2025"
    },
    "21ND": {
        "name": "2021 NA $1 250-COIN BOX (D)",
        "program": "Rolls & Bags & Boxes",
        "sales": 1795,
        "firstSeen": "2/21/2021",
        "latestData": "3/31/2025"
    },
    "21NE": {
        "name": "2021 NA $1 100-COIN BAG (P)",
        "program": "Rolls & Bags & Boxes",
        "sales": 1705,
        "firstSeen": "2/21/2021",
        "latestData": "3/31/2025"
    },
    "21NF": {
        "name": "2021 NA $1 100-COIN BAG (D)",
        "program": "Rolls & Bags & Boxes",
        "sales": 1619,
        "firstSeen": "2/21/2021",
        "latestData": "3/31/2025"
    },
    "21RG": {
        "name": "2021 PROOF SET",
        "program": "Annual Sets",
        "sales": 512866,
        "firstSeen": "3/7/2021",
        "latestData": "3/31/2025"
    },
    "21EB": {
        "name": "2021 AM EAGLE GOLD PROOF 1 OZ",
        "program": "Precious Metal Products",
        "sales": 4493,
        "firstSeen": "3/14/2021",
        "latestData": "3/31/2025"
    },
    "21EC": {
        "name": "2021 AM EAGLE GOLD PROOF 1/2 OZ",
        "program": "Precious Metal Products",
        "sales": 1595,
        "firstSeen": "3/14/2021",
        "latestData": "3/31/2025"
    },
    "21ED": {
        "name": "2021 AM EAGLE GOLD PROOF 1/4 OZ",
        "program": "Precious Metal Products",
        "sales": 2696,
        "firstSeen": "3/14/2021",
        "latestData": "3/31/2025"
    },
    "21EE": {
        "name": "2021 AM EAGLE GOLD PROOF 1/10 OZ",
        "program": "Precious Metal Products",
        "sales": 7998,
        "firstSeen": "3/14/2021",
        "latestData": "3/31/2025"
    },
    "21EF": {
        "name": "2021 AM EAGLE GOLD PROOF 4-COIN SET",
        "program": "Precious Metal Products",
        "sales": 8191,
        "firstSeen": "3/14/2021",
        "latestData": "3/31/2025"
    },
    "21AJ": {
        "name": "2021 ATB SILVER UNC 5 OZ - TUSKEGEE AIRMEN",
        "program": "Precious Metal Products",
        "sales": 19924,
        "firstSeen": "4/11/2021",
        "latestData": "3/31/2025"
    },
    "21RH": {
        "name": "2021 SILVER PROOF SET",
        "program": "Annual Sets",
        "sales": 306440,
        "firstSeen": "4/25/2021",
        "latestData": "3/31/2025"
    },
    "S809": {
        "name": "WILLIAM H. HARRISON PRESIDENTIAL SILVER MEDAL",
        "program": "Precious Metal Products",
        "sales": 13888,
        "firstSeen": "5/9/2021",
        "latestData": "3/31/2025"
    },
    "21EL": {
        "name": "2021 AM BUFFALO GOLD PROOF 1 OZ",
        "program": "Precious Metal Products",
        "sales": 16976,
        "firstSeen": "5/16/2021",
        "latestData": "3/31/2025"
    },
    "21KA": {
        "name": "2021 HALF-DOLLAR 200-COIN BAG (P&D)",
        "program": "Rolls & Bags & Boxes",
        "sales": 9976,
        "firstSeen": "5/16/2021",
        "latestData": "3/31/2025"
    },
    "21KB": {
        "name": "2021 HALF-DOLLAR 2-ROLL SET (P&D)",
        "program": "Rolls & Bags & Boxes",
        "sales": 21989,
        "firstSeen": "5/16/2021",
        "latestData": "3/31/2025"
    },
    "21XC": {
        "name": "MORGAN SILVER DOLLAR CC PRIVY MARK",
        "program": "Precious Metal Products",
        "sales": 173798,
        "firstSeen": "5/30/2021",
        "latestData": "3/31/2025"
    },
    "21XD": {
        "name": "MORGAN SILVER DOLLAR O PRIVY MARK",
        "program": "Precious Metal Products",
        "sales": 173551,
        "firstSeen": "5/30/2021",
        "latestData": "3/31/2025"
    },
    "21GBA": {
        "name": "2021 AI $1 100-COIN BAG - NH (P)",
        "program": "Rolls & Bags & Boxes",
        "sales": 2789,
        "firstSeen": "6/20/2021",
        "latestData": "3/31/2025"
    },
    "21GBE": {
        "name": "2021 AI $1 100-COIN BAG - NH (D)",
        "program": "Rolls & Bags & Boxes",
        "sales": 2790,
        "firstSeen": "6/20/2021",
        "latestData": "3/31/2025"
    },
    "21GRA": {
        "name": "2021 AI $1 25-COIN ROLL - NH (P)",
        "program": "Rolls & Bags & Boxes",
        "sales": 7017,
        "firstSeen": "6/20/2021",
        "latestData": "3/31/2025"
    },
    "21GRE": {
        "name": "2021 AI $1 25-COIN ROLL - NH (D)",
        "program": "Rolls & Bags & Boxes",
        "sales": 7017,
        "firstSeen": "6/20/2021",
        "latestData": "3/31/2025"
    },
    "S20MA": {
        "name": "AIR FORCE 2.5 OZ SILVER MEDAL",
        "program": "Precious Metal Products",
        "sales": 9953,
        "firstSeen": "7/18/2021",
        "latestData": "3/31/2025"
    },
    "21EAN": {
        "name": "2021 AM EAGLE SILVER PROOF 1 OZ NEW (W)",
        "program": "Precious Metal Products",
        "sales": 300097,
        "firstSeen": "7/25/2021",
        "latestData": "3/31/2025"
    },
    "21EAN040": {
        "name": "2021 AM EAGLE SILVER PROOF 1 OZ NEW (W) - 40 COIN",
        "program": "Precious Metal Products",
        "sales": 2142,
        "firstSeen": "7/25/2021",
        "latestData": "3/31/2025"
    },
    "21EBN": {
        "name": "2021 AM EAGLE GOLD PROOF 1 OZ NEW",
        "program": "Precious Metal Products",
        "sales": 5615,
        "firstSeen": "8/1/2021",
        "latestData": "3/31/2025"
    },
    "21ECN": {
        "name": "2021 AM EAGLE GOLD PROOF 1/2 OZ NEW",
        "program": "Precious Metal Products",
        "sales": 1994,
        "firstSeen": "8/1/2021",
        "latestData": "3/31/2025"
    },
    "21EDN": {
        "name": "2021 AM EAGLE GOLD PROOF 1/4 OZ NEW",
        "program": "Precious Metal Products",
        "sales": 3355,
        "firstSeen": "8/1/2021",
        "latestData": "3/31/2025"
    },
    "21EEN": {
        "name": "2021 AM EAGLE GOLD PROOF 1/10 OZ NEW",
        "program": "Precious Metal Products",
        "sales": 10002,
        "firstSeen": "8/1/2021",
        "latestData": "3/31/2025"
    },
    "21EFN": {
        "name": "2021 AM EAGLE GOLD PROOF 4-COIN SET NEW",
        "program": "Precious Metal Products",
        "sales": 10246,
        "firstSeen": "8/1/2021",
        "latestData": "3/31/2025"
    },
    "21GBB": {
        "name": "2021 AI $1 100-COIN BAG - VA (P)",
        "program": "Rolls & Bags & Boxes",
        "sales": 2796,
        "firstSeen": "8/1/2021",
        "latestData": "3/31/2025"
    },
    "21GBF": {
        "name": "2021 AI $1 100-COIN BAG - VA (D)",
        "program": "Rolls & Bags & Boxes",
        "sales": 2786,
        "firstSeen": "8/1/2021",
        "latestData": "3/31/2025"
    },
    "21GRB": {
        "name": "2021 AI $1 25-COIN ROLL - VA (P)",
        "program": "Rolls & Bags & Boxes",
        "sales": 7015,
        "firstSeen": "8/1/2021",
        "latestData": "3/31/2025"
    },
    "21GRF": {
        "name": "2021 AI $1 25-COIN ROLL - VA (D)",
        "program": "Rolls & Bags & Boxes",
        "sales": 7010,
        "firstSeen": "8/1/2021",
        "latestData": "3/31/2025"
    },
    "21EMN": {
        "name": "2021 AM EAGLE SILVER PROOF 1 OZ NEW (S)",
        "program": "Precious Metal Products",
        "sales": 199744,
        "firstSeen": "8/8/2021",
        "latestData": "3/31/2025"
    },
    "21XF": {
        "name": "MORGAN SILVER DOLLAR NO PRIVY MARK (S)",
        "program": "Precious Metal Products",
        "sales": 174879,
        "firstSeen": "8/8/2021",
        "latestData": "3/31/2025"
    },
    "21XG": {
        "name": "MORGAN SILVER DOLLAR NO PRIVY MARK (D)",
        "program": "Precious Metal Products",
        "sales": 174715,
        "firstSeen": "8/8/2021",
        "latestData": "3/31/2025"
    },
    "21XK": {
        "name": "2021 AM EAGLE GOLD PROOF 1/10 OZ 2-COIN SET",
        "program": "Precious Metal Products",
        "sales": 4995,
        "firstSeen": "8/8/2021",
        "latestData": "3/31/2025"
    },
    "S810": {
        "name": "JOHN TYLER PRESIDENTIAL SILVER MEDAL",
        "program": "Precious Metal Products",
        "sales": 13909,
        "firstSeen": "8/8/2021",
        "latestData": "3/31/2025"
    },
    "21EMN040": {
        "name": "2021 AM EAGLE SILVER PROOF 1 OZ NEW (S) - 40 COIN",
        "program": "Precious Metal Products",
        "sales": 652,
        "firstSeen": "8/15/2021",
        "latestData": "3/31/2025"
    },
    "21XE": {
        "name": "MORGAN SILVER DOLLAR NO PRIVY MARK NO MINT MARK",
        "program": "Precious Metal Products",
        "sales": 174854,
        "firstSeen": "8/15/2021",
        "latestData": "3/31/2025"
    },
    "21XH": {
        "name": "PEACE SILVER DOLLAR WITH NO PRIVY MARK (P)",
        "program": "Precious Metal Products",
        "sales": 199940,
        "firstSeen": "8/15/2021",
        "latestData": "3/31/2025"
    },
    "21DA": {
        "name": "2021 AM LIBERTY 24K GOLD 1 OZ",
        "program": "Precious Metal Products",
        "sales": 12471,
        "firstSeen": "8/22/2021",
        "latestData": "3/31/2025"
    },
    "S20MB": {
        "name": "COAST GUARD 2.5 OZ SILVER MEDAL",
        "program": "Precious Metal Products",
        "sales": 9955,
        "firstSeen": "8/22/2021",
        "latestData": "3/31/2025"
    },
    "21EK": {
        "name": "2021 AM EAGLE PALLADIUM PROOF 1 OZ",
        "program": "Precious Metal Products",
        "sales": 5170,
        "firstSeen": "9/6/2021",
        "latestData": "3/31/2025"
    },
    "21GBC": {
        "name": "2021 AI $1 100-COIN BAG - NY (P)",
        "program": "Rolls & Bags & Boxes",
        "sales": 2786,
        "firstSeen": "9/6/2021",
        "latestData": "3/31/2025"
    },
    "21GBG": {
        "name": "2021 AI $1 100-COIN BAG - NY (D)",
        "program": "Rolls & Bags & Boxes",
        "sales": 2785,
        "firstSeen": "9/6/2021",
        "latestData": "3/31/2025"
    },
    "21GRC": {
        "name": "2021 AI $1 25-COIN ROLL - NY (P)",
        "program": "Rolls & Bags & Boxes",
        "sales": 7006,
        "firstSeen": "9/6/2021",
        "latestData": "3/31/2025"
    },
    "21GRG": {
        "name": "2021 AI $1 25-COIN ROLL - NY (D)",
        "program": "Rolls & Bags & Boxes",
        "sales": 7013,
        "firstSeen": "9/6/2021",
        "latestData": "3/31/2025"
    },
    "21EGN": {
        "name": "2021 AM EAGLE SILVER UNC 1 OZ NEW (W)",
        "program": "Precious Metal Products",
        "sales": 174933,
        "firstSeen": "9/12/2021",
        "latestData": "3/31/2025"
    },
    "21EGN040": {
        "name": "2021 AM EAGLE SILVER UNC 1 OZ NEW (W) - 40 COIN",
        "program": "Precious Metal Products",
        "sales": 324,
        "firstSeen": "9/12/2021",
        "latestData": "3/31/2025"
    },
    "20PA": {
        "name": "2020 BUSH COIN & CHRONICLES SET",
        "program": "Special Collectibles",
        "sales": 11521,
        "firstSeen": "9/19/2021",
        "latestData": "3/31/2025"
    },
    "21XJ": {
        "name": "2021 AM EAGLE SILVER REVERSE PROOF 2-COIN SET",
        "program": "Precious Metal Products",
        "sales": 124916,
        "firstSeen": "9/19/2021",
        "latestData": "3/31/2025"
    },
    "21RCN": {
        "name": "2021 LIMITED EDITION SILVER PROOF SET",
        "program": "Special Collectibles",
        "sales": 49852,
        "firstSeen": "10/3/2021",
        "latestData": "3/31/2025"
    },
    "21RJ": {
        "name": "2021 UNC SET",
        "program": "Annual Sets",
        "sales": 233994,
        "firstSeen": "10/3/2021",
        "latestData": "3/31/2025"
    },
    "21EHN": {
        "name": "2021 AM EAGLE GOLD UNC 1 OZ NEW",
        "program": "Precious Metal Products",
        "sales": 9063,
        "firstSeen": "10/10/2021",
        "latestData": "3/31/2025"
    },
    "21GA": {
        "name": "2021 AI $1 PROOF SET",
        "program": "Annual Sets",
        "sales": 89596,
        "firstSeen": "10/17/2021",
        "latestData": "3/31/2025"
    },
    "21GBD": {
        "name": "2021 AI $1 100-COIN BAG - NC (P)",
        "program": "Rolls & Bags & Boxes",
        "sales": 2789,
        "firstSeen": "10/17/2021",
        "latestData": "3/31/2025"
    },
    "21GBH": {
        "name": "2021 AI $1 100-COIN BAG - NC (D)",
        "program": "Rolls & Bags & Boxes",
        "sales": 2790,
        "firstSeen": "10/17/2021",
        "latestData": "3/31/2025"
    },
    "21GRD": {
        "name": "2021 AI $1 25-COIN ROLL - NC (P)",
        "program": "Rolls & Bags & Boxes",
        "sales": 7010,
        "firstSeen": "10/17/2021",
        "latestData": "3/31/2025"
    },
    "21GRH": {
        "name": "2021 AI $1 25-COIN ROLL - NC (D)",
        "program": "Rolls & Bags & Boxes",
        "sales": 7018,
        "firstSeen": "10/17/2021",
        "latestData": "3/31/2025"
    },
    "21XT": {
        "name": "2021 MIGHTY MINTERS ORNAMENT",
        "program": "Special Collectibles",
        "sales": 4821,
        "firstSeen": "10/24/2021",
        "latestData": "3/31/2025"
    },
    "21XU": {
        "name": "2021 UNITED STATES MINT ORNAMENT",
        "program": "Special Collectibles",
        "sales": 7973,
        "firstSeen": "10/24/2021",
        "latestData": "3/31/2025"
    },
    "21GC": {
        "name": "2021 AI $1 REVERSE PROOF SET",
        "program": "Annual Sets",
        "sales": 49813,
        "firstSeen": "11/14/2021",
        "latestData": "3/31/2025"
    },
    "22CH": {
        "name": "2022 NEGRO LEAGUES BASEBALL GOLD PROOF",
        "program": "Commemoratives",
        "sales": 1534,
        "firstSeen": "1/9/2022",
        "latestData": "3/31/2025"
    },
    "22CJ": {
        "name": "2022 NEGRO LEAGUES BASEBALL GOLD UNC",
        "program": "Commemoratives",
        "sales": 1507,
        "firstSeen": "1/9/2022",
        "latestData": "3/31/2025"
    },
    "22CK": {
        "name": "2022 NEGRO LEAGUES BASEBALL SILVER PROOF",
        "program": "Commemoratives",
        "sales": 22695,
        "firstSeen": "1/9/2022",
        "latestData": "3/31/2025"
    },
    "22CL": {
        "name": "2022 NEGRO LEAGUES BASEBALL SILVER UNC",
        "program": "Commemoratives",
        "sales": 8445,
        "firstSeen": "1/9/2022",
        "latestData": "3/31/2025"
    },
    "22CM": {
        "name": "2022 NEGRO LEAGUES BASEBALL CLAD PROOF",
        "program": "Commemoratives",
        "sales": 19019,
        "firstSeen": "1/9/2022",
        "latestData": "3/31/2025"
    },
    "22CN": {
        "name": "2022 NEGRO LEAGUES BASEBALL CLAD UNC",
        "program": "Commemoratives",
        "sales": 9793,
        "firstSeen": "1/9/2022",
        "latestData": "3/31/2025"
    },
    "22CP": {
        "name": "2022 NEGRO LEAGUES BASEBALL 3-COIN SET",
        "program": "Commemoratives",
        "sales": 3823,
        "firstSeen": "1/9/2022",
        "latestData": "3/31/2025"
    },
    "22CR": {
        "name": "2022 NEGRO LEAGUES BASEBALL SILVER DOLLAR AND MEDAL SET",
        "program": "Commemoratives",
        "sales": 10668,
        "firstSeen": "1/9/2022",
        "latestData": "3/31/2025"
    },
    "22CS": {
        "name": "2022 NEGRO LEAGUES BASEBALL SILVER DOLLAR W/PRIVY MARK",
        "program": "Commemoratives",
        "sales": 19687,
        "firstSeen": "1/9/2022",
        "latestData": "3/31/2025"
    },
    "22NA": {
        "name": "2022 NA $1 25-COIN ROLL (P)",
        "program": "Rolls & Bags & Boxes",
        "sales": 13996,
        "firstSeen": "2/13/2022",
        "latestData": "3/31/2025"
    },
    "22NB": {
        "name": "2022 NA $1 25-COIN ROLL (D)",
        "program": "Rolls & Bags & Boxes",
        "sales": 13965,
        "firstSeen": "2/13/2022",
        "latestData": "3/31/2025"
    },
    "22NC": {
        "name": "2022 NA $1 250-COIN BOX (P)",
        "program": "Rolls & Bags & Boxes",
        "sales": 1699,
        "firstSeen": "2/13/2022",
        "latestData": "3/31/2025"
    },
    "22ND": {
        "name": "2022 NA $1 250-COIN BOX (D)",
        "program": "Rolls & Bags & Boxes",
        "sales": 1614,
        "firstSeen": "2/13/2022",
        "latestData": "3/31/2025"
    },
    "22NE": {
        "name": "2022 NA $1 100-COIN BAG (P)",
        "program": "Rolls & Bags & Boxes",
        "sales": 1698,
        "firstSeen": "2/13/2022",
        "latestData": "3/31/2025"
    },
    "22NF": {
        "name": "2022 NA $1 100-COIN BAG (D)",
        "program": "Rolls & Bags & Boxes",
        "sales": 1699,
        "firstSeen": "2/13/2022",
        "latestData": "3/31/2025"
    },
    "22WBA": {
        "name": "2022 AWQ QTR 100-COIN BAG - MAYA ANGELOU (P)",
        "program": "Rolls & Bags & Boxes",
        "sales": 1858,
        "firstSeen": "2/13/2022",
        "latestData": "3/31/2025"
    },
    "22WBB": {
        "name": "2022 AWQ QTR 100-COIN BAG - MAYA ANGELOU (D)",
        "program": "Rolls & Bags & Boxes",
        "sales": 1861,
        "firstSeen": "2/13/2022",
        "latestData": "3/31/2025"
    },
    "22WRA": {
        "name": "2022 AWQ QTR 2-ROLL SET - MAYA ANGELOU (P&D)",
        "program": "Rolls & Bags & Boxes",
        "sales": 5940,
        "firstSeen": "2/13/2022",
        "latestData": "3/31/2025"
    },
    "22WRB": {
        "name": "2022 AWQ QTR 3-ROLL SET - MAYA ANGELOU (P&D&S)",
        "program": "Rolls & Bags & Boxes",
        "sales": 7588,
        "firstSeen": "2/13/2022",
        "latestData": "3/31/2025"
    },
    "S811": {
        "name": "JAMES K. POLK PRESIDENTIAL SILVER MEDAL",
        "program": "Precious Metal Products",
        "sales": 13529,
        "firstSeen": "2/20/2022",
        "latestData": "3/31/2025"
    },
    "22CA": {
        "name": "2022 NATIONAL PURPLE HEART GOLD PROOF",
        "program": "Commemoratives",
        "sales": 2782,
        "firstSeen": "2/27/2022",
        "latestData": "3/31/2025"
    },
    "22CB": {
        "name": "2022 NATIONAL PURPLE HEART GOLD UNC",
        "program": "Commemoratives",
        "sales": 1677,
        "firstSeen": "2/27/2022",
        "latestData": "3/31/2025"
    },
    "22CC": {
        "name": "2022 NATIONAL PURPLE HEART SILVER PROOF",
        "program": "Commemoratives",
        "sales": 48436,
        "firstSeen": "2/27/2022",
        "latestData": "3/31/2025"
    },
    "22CD": {
        "name": "2022 NATIONAL PURPLE HEART SILVER UNC",
        "program": "Commemoratives",
        "sales": 14168,
        "firstSeen": "2/27/2022",
        "latestData": "3/31/2025"
    },
    "22CE": {
        "name": "2022 NATIONAL PURPLE HEART CLAD PROOF",
        "program": "Commemoratives",
        "sales": 22906,
        "firstSeen": "2/27/2022",
        "latestData": "3/31/2025"
    },
    "22CF": {
        "name": "2022 NATIONAL PURPLE HEART CLAD UNC",
        "program": "Commemoratives",
        "sales": 12264,
        "firstSeen": "2/27/2022",
        "latestData": "3/31/2025"
    },
    "22CG": {
        "name": "2022 NATIONAL PURPLE HEART 3-COIN SET",
        "program": "Commemoratives",
        "sales": 4893,
        "firstSeen": "2/27/2022",
        "latestData": "3/31/2025"
    },
    "22GBA": {
        "name": "2022 AI $1 100-COIN BAG - RI (P)",
        "program": "Rolls & Bags & Boxes",
        "sales": 2789,
        "firstSeen": "2/27/2022",
        "latestData": "3/31/2025"
    },
    "22GBE": {
        "name": "2022 AI $1 100-COIN BAG - RI (D)",
        "program": "Rolls & Bags & Boxes",
        "sales": 2787,
        "firstSeen": "2/27/2022",
        "latestData": "3/31/2025"
    },
    "22GRA": {
        "name": "2022 AI $1 25-COIN ROLL - RI (P)",
        "program": "Rolls & Bags & Boxes",
        "sales": 7010,
        "firstSeen": "2/27/2022",
        "latestData": "3/31/2025"
    },
    "22GRE": {
        "name": "2022 AI $1 25-COIN ROLL - RI (D)",
        "program": "Rolls & Bags & Boxes",
        "sales": 7007,
        "firstSeen": "2/27/2022",
        "latestData": "3/31/2025"
    },
    "22EJ": {
        "name": "2022 AM EAGLE PLATINUM PROOF 1 OZ",
        "program": "Precious Metal Products",
        "sales": 9941,
        "firstSeen": "3/6/2022",
        "latestData": "3/31/2025"
    },
    "22WP": {
        "name": "2022 AWQ QTR PROOF SET",
        "program": "Annual Sets",
        "sales": 42821,
        "firstSeen": "3/13/2022",
        "latestData": "3/31/2025"
    },
    "S20MC": {
        "name": "NAVY SILVER MEDAL 2.5 OZ",
        "program": "Precious Metal Products",
        "sales": 9987,
        "firstSeen": "3/13/2022",
        "latestData": "3/31/2025"
    },
    "22EB": {
        "name": "2022 AM EAGLE GOLD PROOF 1 OZ",
        "program": "Precious Metal Products",
        "sales": 5913,
        "firstSeen": "3/20/2022",
        "latestData": "3/31/2025"
    },
    "22EC": {
        "name": "2022 AM EAGLE GOLD PROOF 1/2 OZ",
        "program": "Precious Metal Products",
        "sales": 1970,
        "firstSeen": "3/20/2022",
        "latestData": "3/31/2025"
    },
    "22ED": {
        "name": "2022 AM EAGLE GOLD PROOF 1/4 OZ",
        "program": "Precious Metal Products",
        "sales": 4464,
        "firstSeen": "3/20/2022",
        "latestData": "3/31/2025"
    },
    "22EE": {
        "name": "2022 AM EAGLE GOLD PROOF 1/10 OZ",
        "program": "Precious Metal Products",
        "sales": 13806,
        "firstSeen": "3/20/2022",
        "latestData": "3/31/2025"
    },
    "22EF": {
        "name": "2022 AM EAGLE GOLD PROOF 4-COIN SET",
        "program": "Precious Metal Products",
        "sales": 9906,
        "firstSeen": "3/20/2022",
        "latestData": "3/31/2025"
    },
    "22CQ": {
        "name": "2022 NATIONAL PURPLE HEART SILVER COLORIZED",
        "program": "Commemoratives",
        "sales": 24874,
        "firstSeen": "3/27/2022",
        "latestData": "3/31/2025"
    },
    "22WBC": {
        "name": "2022 AWQ QTR 100-COIN BAG - DR. SALLY RIDE (P)",
        "program": "Rolls & Bags & Boxes",
        "sales": 1854,
        "firstSeen": "3/27/2022",
        "latestData": "3/31/2025"
    },
    "22WBD": {
        "name": "2022 AWQ QTR 100-COIN BAG - DR. SALLY RIDE (D)",
        "program": "Rolls & Bags & Boxes",
        "sales": 1852,
        "firstSeen": "3/27/2022",
        "latestData": "3/31/2025"
    },
    "22WRC": {
        "name": "2022 AWQ QTR 2-ROLL SET - DR. SALLY RIDE (P&D)",
        "program": "Rolls & Bags & Boxes",
        "sales": 5926,
        "firstSeen": "3/27/2022",
        "latestData": "3/31/2025"
    },
    "22WRD": {
        "name": "2022 AWQ QTR 3-ROLL SET - DR. SALLY RIDE (P&D&S)",
        "program": "Rolls & Bags & Boxes",
        "sales": 7603,
        "firstSeen": "3/27/2022",
        "latestData": "3/31/2025"
    },
    "22WS": {
        "name": "2022 AWQ QTR SILVER PROOF SET",
        "program": "Annual Sets",
        "sales": 57768,
        "firstSeen": "4/3/2022",
        "latestData": "3/31/2025"
    },
    "22RG": {
        "name": "2022 PROOF SET",
        "program": "Annual Sets",
        "sales": 400001,
        "firstSeen": "4/10/2022",
        "latestData": "3/31/2025"
    },
    "22EA": {
        "name": "2022 AM EAGLE SILVER PROOF 1 OZ (W)",
        "program": "Precious Metal Products",
        "sales": 496994,
        "firstSeen": "4/17/2022",
        "latestData": "3/31/2025"
    },
    "22EA040": {
        "name": "2022 AM EAGLE SILVER PROOF 1 OZ (W) - 40 COIN",
        "program": "Precious Metal Products",
        "sales": 4171,
        "firstSeen": "4/17/2022",
        "latestData": "3/31/2025"
    },
    "22RF": {
        "name": "2022 CONGRATULATIONS SET",
        "program": "Special Collectibles",
        "sales": 29710,
        "firstSeen": "4/17/2022",
        "latestData": "3/31/2025"
    },
    "22GBB": {
        "name": "2022 AI $1 100-COIN BAG - VT (P)",
        "program": "Rolls & Bags & Boxes",
        "sales": 2787,
        "firstSeen": "5/1/2022",
        "latestData": "3/31/2025"
    },
    "22GBF": {
        "name": "2022 AI $1 100-COIN BAG - VT (D)",
        "program": "Rolls & Bags & Boxes",
        "sales": 2779,
        "firstSeen": "5/1/2022",
        "latestData": "3/31/2025"
    },
    "22GRB": {
        "name": "2022 AI $1 25-COIN ROLL - VT (P)",
        "program": "Rolls & Bags & Boxes",
        "sales": 7023,
        "firstSeen": "5/1/2022",
        "latestData": "3/31/2025"
    },
    "22GRF": {
        "name": "2022 AI $1 25-COIN ROLL - VT (D)",
        "program": "Rolls & Bags & Boxes",
        "sales": 7011,
        "firstSeen": "5/1/2022",
        "latestData": "3/31/2025"
    },
    "22KA": {
        "name": "2022 HALF-DOLLAR 200-COIN BAG (P&D)",
        "program": "Rolls & Bags & Boxes",
        "sales": 10999,
        "firstSeen": "5/8/2022",
        "latestData": "3/31/2025"
    },
    "22KB": {
        "name": "2022 HALF-DOLLAR 2-ROLL SET (P&D)",
        "program": "Rolls & Bags & Boxes",
        "sales": 21926,
        "firstSeen": "5/8/2022",
        "latestData": "3/31/2025"
    },
    "S812": {
        "name": "ZACHARY TAYLOR PRESIDENTIAL SILVER MEDAL",
        "program": "Precious Metal Products",
        "sales": 13282,
        "firstSeen": "5/8/2022",
        "latestData": "3/31/2025"
    },
    "22EL": {
        "name": "2022 AM BUFFALO GOLD PROOF 1 OZ",
        "program": "Precious Metal Products",
        "sales": 15943,
        "firstSeen": "5/15/2022",
        "latestData": "3/31/2025"
    },
    "22EG": {
        "name": "2022 AM EAGLE SILVER UNC 1 OZ (W)",
        "program": "Precious Metal Products",
        "sales": 173413,
        "firstSeen": "6/5/2022",
        "latestData": "3/31/2025"
    },
    "22EG040": {
        "name": "2022 AM EAGLE SILVER UNC 1 OZ (W) - 40 COIN",
        "program": "Precious Metal Products",
        "sales": 989,
        "firstSeen": "6/5/2022",
        "latestData": "3/31/2025"
    },
    "22GA": {
        "name": "2022 AI $1 PROOF SET",
        "program": "Annual Sets",
        "sales": 83376,
        "firstSeen": "6/12/2022",
        "latestData": "3/31/2025"
    },
    "22EH": {
        "name": "2022 AM EAGLE GOLD UNC 1 OZ",
        "program": "Precious Metal Products",
        "sales": 8900,
        "firstSeen": "6/19/2022",
        "latestData": "3/31/2025"
    },
    "22WBE": {
        "name": "2022 AWQ QTR 100-COIN BAG - WILMA MANKILLER (P)",
        "program": "Rolls & Bags & Boxes",
        "sales": 1859,
        "firstSeen": "6/19/2022",
        "latestData": "3/31/2025"
    },
    "22WBF": {
        "name": "2022 AWQ QTR 100-COIN BAG - WILMA MANKILLER (D)",
        "program": "Rolls & Bags & Boxes",
        "sales": 1833,
        "firstSeen": "6/19/2022",
        "latestData": "3/31/2025"
    },
    "22WRE": {
        "name": "2022 AWQ QTR 2-ROLL SET - WILMA MANKILLER (P&D)",
        "program": "Rolls & Bags & Boxes",
        "sales": 5918,
        "firstSeen": "6/19/2022",
        "latestData": "3/31/2025"
    },
    "22WRF": {
        "name": "2022 AWQ QTR 3-ROLL SET - WILMA MANKILLER (P&D&S)",
        "program": "Rolls & Bags & Boxes",
        "sales": 7616,
        "firstSeen": "6/19/2022",
        "latestData": "3/31/2025"
    },
    "22RH": {
        "name": "2022 SILVER PROOF SET",
        "program": "Annual Sets",
        "sales": 249369,
        "firstSeen": "6/27/2022",
        "latestData": "3/31/2025"
    },
    "22GBC": {
        "name": "2022 AI $1 100-COIN BAG - KY (P)",
        "program": "Rolls & Bags & Boxes",
        "sales": 2771,
        "firstSeen": "7/4/2022",
        "latestData": "3/31/2025"
    },
    "22GBG": {
        "name": "2022 AI $1 100-COIN BAG - KY (D)",
        "program": "Rolls & Bags & Boxes",
        "sales": 2779,
        "firstSeen": "7/4/2022",
        "latestData": "3/31/2025"
    },
    "22GRC": {
        "name": "2022 AI $1 25-COIN ROLL - KY (P)",
        "program": "Rolls & Bags & Boxes",
        "sales": 7009,
        "firstSeen": "7/4/2022",
        "latestData": "3/31/2025"
    },
    "22GRG": {
        "name": "2022 AI $1 25-COIN ROLL - KY (D)",
        "program": "Rolls & Bags & Boxes",
        "sales": 7002,
        "firstSeen": "7/4/2022",
        "latestData": "3/31/2025"
    },
    "22RJ": {
        "name": "2022 UNC SET",
        "program": "Annual Sets",
        "sales": 249964,
        "firstSeen": "7/18/2022",
        "latestData": "3/31/2025"
    },
    "S22MD": {
        "name": "MARINES SILVER MEDAL 2.5 OZ",
        "program": "Precious Metal Products",
        "sales": 9988,
        "firstSeen": "7/18/2022",
        "latestData": "3/31/2025"
    },
    "22EM": {
        "name": "2022 AM EAGLE SILVER PROOF 1 OZ (S)",
        "program": "Precious Metal Products",
        "sales": 199698,
        "firstSeen": "8/15/2022",
        "latestData": "3/31/2025"
    },
    "22EM040": {
        "name": "2022 AM EAGLE SILVER PROOF 1 OZ (S) - 40 COIN",
        "program": "Precious Metal Products",
        "sales": 2925,
        "firstSeen": "8/15/2022",
        "latestData": "3/31/2025"
    },
    "22DB": {
        "name": "2022 AM LIBERTY SILVER MEDAL 1 OZ",
        "program": "Precious Metal Products",
        "sales": 74414,
        "firstSeen": "8/22/2022",
        "latestData": "3/31/2025"
    },
    "22WBG": {
        "name": "2022 AWQ QTR 100-COIN BAG - NINA OTERO-WARREN (P)",
        "program": "Rolls & Bags & Boxes",
        "sales": 1856,
        "firstSeen": "8/22/2022",
        "latestData": "3/31/2025"
    },
    "22WBH": {
        "name": "2022 AWQ QTR 100-COIN BAG - NINA OTERO-WARREN (D)",
        "program": "Rolls & Bags & Boxes",
        "sales": 1858,
        "firstSeen": "8/22/2022",
        "latestData": "3/31/2025"
    },
    "22WRG": {
        "name": "2022 AWQ QTR 2-ROLL SET - NINA OTERO-WARREN (P&D)",
        "program": "Rolls & Bags & Boxes",
        "sales": 5890,
        "firstSeen": "8/22/2022",
        "latestData": "3/31/2025"
    },
    "22WRH": {
        "name": "2022 AWQ QTR 3-ROLL SET - NINA OTERO-WARREN (P&D&S)",
        "program": "Rolls & Bags & Boxes",
        "sales": 7639,
        "firstSeen": "8/22/2022",
        "latestData": "3/31/2025"
    },
    "S813": {
        "name": "MILLARD FILLMORE PRESIDENTIAL SILVER MEDAL",
        "program": "Precious Metal Products",
        "sales": 12878,
        "firstSeen": "8/22/2022",
        "latestData": "3/31/2025"
    },
    "SAF1": {
        "name": "AIR FORCE SILVER MEDAL 1 OZ",
        "program": "Precious Metal Products",
        "sales": 22821,
        "firstSeen": "8/22/2022",
        "latestData": "3/31/2025"
    },
    "22WO1": {
        "name": "2022 AWQ QTR MAYA ANGELOU ORNAMENT",
        "program": "Special Collectibles",
        "sales": 3532,
        "firstSeen": "8/29/2022",
        "latestData": "3/31/2025"
    },
    "22WO2": {
        "name": "2022 AWQ QTR DR. SALLY RIDE ORNAMENT",
        "program": "Special Collectibles",
        "sales": 3598,
        "firstSeen": "8/29/2022",
        "latestData": "3/31/2025"
    },
    "22WO3": {
        "name": "2022 AWQ QTR WILMA MANKILLER ORNAMENT",
        "program": "Special Collectibles",
        "sales": 2438,
        "firstSeen": "8/29/2022",
        "latestData": "3/31/2025"
    },
    "22WO4": {
        "name": "2022 AWQ QTR NINA OTERO-WARREN ORNAMENT",
        "program": "Special Collectibles",
        "sales": 1881,
        "firstSeen": "8/29/2022",
        "latestData": "3/31/2025"
    },
    "22WO5": {
        "name": "2022 AWQ QTR ANNA MAY WONG ORNAMENT",
        "program": "Special Collectibles",
        "sales": 3357,
        "firstSeen": "8/29/2022",
        "latestData": "3/31/2025"
    },
    "22GBD": {
        "name": "2022 AI $1 100-COIN BAG - TN (P)",
        "program": "Rolls & Bags & Boxes",
        "sales": 2786,
        "firstSeen": "9/6/2022",
        "latestData": "3/31/2025"
    },
    "22GBH": {
        "name": "2022 AI $1 100-COIN BAG - TN (D)",
        "program": "Rolls & Bags & Boxes",
        "sales": 2786,
        "firstSeen": "9/6/2022",
        "latestData": "3/31/2025"
    },
    "22GRD": {
        "name": "2022 AI $1 25-COIN ROLL - TN (P)",
        "program": "Rolls & Bags & Boxes",
        "sales": 7014,
        "firstSeen": "9/6/2022",
        "latestData": "3/31/2025"
    },
    "22GRH": {
        "name": "2022 AI $1 25-COIN ROLL - TN (D)",
        "program": "Rolls & Bags & Boxes",
        "sales": 7010,
        "firstSeen": "9/6/2022",
        "latestData": "3/31/2025"
    },
    "22EK": {
        "name": "2022 AM EAGLE PALLADIUM PROOF 1 OZ",
        "program": "Precious Metal Products",
        "sales": 7433,
        "firstSeen": "10/3/2022",
        "latestData": "3/31/2025"
    },
    "S814": {
        "name": "FRANKLIN PIERCE PRESIDENTIAL SILVER MEDAL",
        "program": "Precious Metal Products",
        "sales": 12780,
        "firstSeen": "10/3/2022",
        "latestData": "3/31/2025"
    },
    "SCG1": {
        "name": "COAST GUARD SILVER MEDAL 1 OZ",
        "program": "Precious Metal Products",
        "sales": 19126,
        "firstSeen": "10/3/2022",
        "latestData": "3/31/2025"
    },
    "22XT": {
        "name": "2022 MIGHTY MINTERS ORNAMENT",
        "program": "Special Collectibles",
        "sales": 4268,
        "firstSeen": "10/24/2022",
        "latestData": "3/31/2025"
    },
    "22XU": {
        "name": "2022 UNITED STATES MINT ORNAMENT",
        "program": "Special Collectibles",
        "sales": 6056,
        "firstSeen": "10/24/2022",
        "latestData": "3/31/2025"
    },
    "22RC": {
        "name": "2022 LIMITED EDITION SILVER PROOF SET",
        "program": "Special Collectibles",
        "sales": 49730,
        "firstSeen": "10/31/2022",
        "latestData": "3/31/2025"
    },
    "22WBJ": {
        "name": "2022 AWQ QTR 100-COIN BAG - ANNA MAY WONG (P)",
        "program": "Rolls & Bags & Boxes",
        "sales": 1860,
        "firstSeen": "10/31/2022",
        "latestData": "3/31/2025"
    },
    "22WBK": {
        "name": "2022 AWQ QTR 100-COIN BAG - ANNA MAY WONG (D)",
        "program": "Rolls & Bags & Boxes",
        "sales": 1858,
        "firstSeen": "10/31/2022",
        "latestData": "3/31/2025"
    },
    "22WRJ": {
        "name": "2022 AWQ QTR 2-ROLL SET - ANNA MAY WONG (P&D)",
        "program": "Rolls & Bags & Boxes",
        "sales": 5936,
        "firstSeen": "10/31/2022",
        "latestData": "3/31/2025"
    },
    "22WRK": {
        "name": "2022 AWQ QTR 3-ROLL SET - ANNA MAY WONG (P&D&S)",
        "program": "Rolls & Bags & Boxes",
        "sales": 7617,
        "firstSeen": "10/31/2022",
        "latestData": "3/31/2025"
    },
    "22GC": {
        "name": "2022 AI $1 REVERSE PROOF SET",
        "program": "Annual Sets",
        "sales": 49807,
        "firstSeen": "11/22/2022",
        "latestData": "3/31/2025"
    },
    "23GBA": {
        "name": "2023 AI $1 100-COIN BAG - OH (P)",
        "program": "Rolls & Bags & Boxes",
        "sales": 2972,
        "firstSeen": "2/21/2023",
        "latestData": "3/31/2025"
    },
    "23GBE": {
        "name": "2023 AI $1 100-COIN BAG - OH (D)",
        "program": "Rolls & Bags & Boxes",
        "sales": 2747,
        "firstSeen": "2/21/2023",
        "latestData": "3/31/2025"
    },
    "23GRA": {
        "name": "2023 AI $1 25-COIN ROLL - OH (P)",
        "program": "Rolls & Bags & Boxes",
        "sales": 8016,
        "firstSeen": "2/21/2023",
        "latestData": "3/31/2025"
    },
    "23GRE": {
        "name": "2023 AI $1 25-COIN ROLL - OH (D)",
        "program": "Rolls & Bags & Boxes",
        "sales": 6978,
        "firstSeen": "2/21/2023",
        "latestData": "3/31/2025"
    },
    "23NA": {
        "name": "2023 NA $1 25-COIN ROLL (P)",
        "program": "Rolls & Bags & Boxes",
        "sales": 13922,
        "firstSeen": "2/21/2023",
        "latestData": "3/31/2025"
    },
    "23NB": {
        "name": "2023 NA $1 25-COIN ROLL (D)",
        "program": "Rolls & Bags & Boxes",
        "sales": 13954,
        "firstSeen": "2/21/2023",
        "latestData": "3/31/2025"
    },
    "23NC": {
        "name": "2023 NA $1 250-COIN BOX (P)",
        "program": "Rolls & Bags & Boxes",
        "sales": 1698,
        "firstSeen": "2/21/2023",
        "latestData": "3/31/2025"
    },
    "23ND": {
        "name": "2023 NA $1 250-COIN BOX (D)",
        "program": "Rolls & Bags & Boxes",
        "sales": 1618,
        "firstSeen": "2/21/2023",
        "latestData": "3/31/2025"
    },
    "23NE": {
        "name": "2023 NA $1 100-COIN BAG (P)",
        "program": "Rolls & Bags & Boxes",
        "sales": 1695,
        "firstSeen": "2/21/2023",
        "latestData": "3/31/2025"
    },
    "23NF": {
        "name": "2023 NA $1 100-COIN BAG (D)",
        "program": "Rolls & Bags & Boxes",
        "sales": 1694,
        "firstSeen": "2/21/2023",
        "latestData": "3/31/2025"
    },
    "23WBA": {
        "name": "2023 AWQ QTR 100-COIN BAG - BESSIE COLEMAN (P)",
        "program": "Rolls & Bags & Boxes",
        "sales": 5755,
        "firstSeen": "2/21/2023",
        "latestData": "3/31/2025"
    },
    "23WBB": {
        "name": "2023 AWQ QTR 100-COIN BAG - BESSIE COLEMAN (D)",
        "program": "Rolls & Bags & Boxes",
        "sales": 5024,
        "firstSeen": "2/21/2023",
        "latestData": "3/31/2025"
    },
    "23WO1": {
        "name": "2023 AWQ QTR BESSIE COLEMAN ORNAMENT",
        "program": "Special Collectibles",
        "sales": 1331,
        "firstSeen": "2/21/2023",
        "latestData": "3/31/2025"
    },
    "23WP": {
        "name": "2023 AWQ QTR PROOF SET",
        "program": "Annual Sets",
        "sales": 59437,
        "firstSeen": "2/21/2023",
        "latestData": "3/31/2025"
    },
    "23WRA": {
        "name": "2023 AWQ QTR 2-ROLL SET - BESSIE COLEMAN (P&D)",
        "program": "Rolls & Bags & Boxes",
        "sales": 6174,
        "firstSeen": "2/21/2023",
        "latestData": "3/31/2025"
    },
    "23WRB": {
        "name": "2023 AWQ QTR 3-ROLL SET - BESSIE COLEMAN (P&D&S)",
        "program": "Rolls & Bags & Boxes",
        "sales": 12509,
        "firstSeen": "2/21/2023",
        "latestData": "3/31/2025"
    },
    "23WS": {
        "name": "2023 AWQ QTR SILVER PROOF SET",
        "program": "Annual Sets",
        "sales": 46117,
        "firstSeen": "2/21/2023",
        "latestData": "3/31/2025"
    },
    "S815": {
        "name": "JAMES BUCHANAN PRESIDENTIAL SILVER MEDAL",
        "program": "Precious Metal Products",
        "sales": 12562,
        "firstSeen": "2/21/2023",
        "latestData": "3/31/2025"
    },
    "23EJ": {
        "name": "2023 AM EAGLE PLATINUM PROOF 1 OZ",
        "program": "Precious Metal Products",
        "sales": 8580,
        "firstSeen": "2/28/2023",
        "latestData": "3/31/2025"
    },
    "23EA": {
        "name": "2023 AM EAGLE SILVER PROOF 1 OZ (W)",
        "program": "Precious Metal Products",
        "sales": 436488,
        "firstSeen": "3/6/2023",
        "latestData": "3/31/2025"
    },
    "23EA040": {
        "name": "2023 AM EAGLE SILVER PROOF 1 OZ (W) - 40 COIN",
        "program": "Precious Metal Products",
        "sales": 2118,
        "firstSeen": "3/6/2023",
        "latestData": "3/31/2025"
    },
    "23RF": {
        "name": "2023 CONGRATULATIONS SET",
        "program": "Special Collectibles",
        "sales": 39288,
        "firstSeen": "3/6/2023",
        "latestData": "3/31/2025"
    },
    "S22ME": {
        "name": "ARMY SILVER MEDAL 2.5 OZ",
        "program": "Precious Metal Products",
        "sales": 9988,
        "firstSeen": "3/13/2023",
        "latestData": "3/31/2025"
    },
    "23WBC": {
        "name": "2023 AWQ QTR 100-COIN BAG - EDITH KANAKAOLE (P)",
        "program": "Rolls & Bags & Boxes",
        "sales": 7484,
        "firstSeen": "3/28/2023",
        "latestData": "3/31/2025"
    },
    "23WBD": {
        "name": "2023 AWQ QTR 100-COIN BAG - EDITH KANAKAOLE (D)",
        "program": "Rolls & Bags & Boxes",
        "sales": 4649,
        "firstSeen": "3/28/2023",
        "latestData": "3/31/2025"
    },
    "23WRC": {
        "name": "2023 AWQ QTR 2-ROLL SET - EDITH KANAKAOLE (P&D)",
        "program": "Rolls & Bags & Boxes",
        "sales": 5966,
        "firstSeen": "3/28/2023",
        "latestData": "3/31/2025"
    },
    "23WRD": {
        "name": "2023 AWQ QTR 3-ROLL SET - EDITH KANAKAOLE (P&D&S)",
        "program": "Rolls & Bags & Boxes",
        "sales": 12585,
        "firstSeen": "3/28/2023",
        "latestData": "3/31/2025"
    },
    "23EB": {
        "name": "2023 AM EAGLE GOLD PROOF 1 OZ",
        "program": "Precious Metal Products",
        "sales": 6478,
        "firstSeen": "4/4/2023",
        "latestData": "3/31/2025"
    },
    "23EC": {
        "name": "2023 AM EAGLE GOLD PROOF 1/2 OZ",
        "program": "Precious Metal Products",
        "sales": 2011,
        "firstSeen": "4/4/2023",
        "latestData": "3/31/2025"
    },
    "23ED": {
        "name": "2023 AM EAGLE GOLD PROOF 1/4 OZ",
        "program": "Precious Metal Products",
        "sales": 4493,
        "firstSeen": "4/4/2023",
        "latestData": "3/31/2025"
    },
    "23EE": {
        "name": "2023 AM EAGLE GOLD PROOF 1/10 OZ",
        "program": "Precious Metal Products",
        "sales": 13424,
        "firstSeen": "4/4/2023",
        "latestData": "3/31/2025"
    },
    "23EF": {
        "name": "2023 AM EAGLE GOLD PROOF 4-COIN SET",
        "program": "Precious Metal Products",
        "sales": 9980,
        "firstSeen": "4/4/2023",
        "latestData": "3/31/2025"
    },
    "23EK": {
        "name": "2023 AM EAGLE PALLADIUM UNC 1 OZ",
        "program": "Precious Metal Products",
        "sales": 5778,
        "firstSeen": "4/4/2023",
        "latestData": "3/31/2025"
    },
    "23EL": {
        "name": "2023 AM BUFFALO GOLD PROOF 1 OZ",
        "program": "Precious Metal Products",
        "sales": 15909,
        "firstSeen": "4/17/2023",
        "latestData": "3/31/2025"
    },
    "23GBB": {
        "name": "2023 AI $1 100-COIN BAG - LA (P)",
        "program": "Rolls & Bags & Boxes",
        "sales": 2978,
        "firstSeen": "4/17/2023",
        "latestData": "3/31/2025"
    },
    "23GBF": {
        "name": "2023 AI $1 100-COIN BAG - LA (D)",
        "program": "Rolls & Bags & Boxes",
        "sales": 2760,
        "firstSeen": "4/17/2023",
        "latestData": "3/31/2025"
    },
    "23GRB": {
        "name": "2023 AI $1 25-COIN ROLL - LA (P)",
        "program": "Rolls & Bags & Boxes",
        "sales": 7993,
        "firstSeen": "4/17/2023",
        "latestData": "3/31/2025"
    },
    "23GRF": {
        "name": "2023 AI $1 25-COIN ROLL - LA (D)",
        "program": "Rolls & Bags & Boxes",
        "sales": 6990,
        "firstSeen": "4/17/2023",
        "latestData": "3/31/2025"
    },
    "S816": {
        "name": "ABRAHAM LINCOLN PRESIDENTIAL SILVER MEDAL",
        "program": "Precious Metal Products",
        "sales": 19952,
        "firstSeen": "5/1/2023",
        "latestData": "3/31/2025"
    },
    "23KA": {
        "name": "2023 HALF-DOLLAR 200-COIN BAG (P&D)",
        "program": "Rolls & Bags & Boxes",
        "sales": 11170,
        "firstSeen": "5/21/2023",
        "latestData": "3/31/2025"
    },
    "23KB": {
        "name": "2023 HALF-DOLLAR 2-ROLL SET (P&D)",
        "program": "Rolls & Bags & Boxes",
        "sales": 24987,
        "firstSeen": "5/21/2023",
        "latestData": "3/31/2025"
    },
    "23EG": {
        "name": "2023 AM EAGLE SILVER UNC 1 OZ (W)",
        "program": "Precious Metal Products",
        "sales": 139912,
        "firstSeen": "5/28/2023",
        "latestData": "3/31/2025"
    },
    "23EH": {
        "name": "2023 AM EAGLE GOLD UNC 1 OZ",
        "program": "Precious Metal Products",
        "sales": 6554,
        "firstSeen": "6/5/2023",
        "latestData": "3/31/2025"
    },
    "23WBE": {
        "name": "2023 AWQ QTR 100-COIN BAG - ELEANOR ROOSEVELT (P)",
        "program": "Rolls & Bags & Boxes",
        "sales": 4400,
        "firstSeen": "6/12/2023",
        "latestData": "3/31/2025"
    },
    "23WBF": {
        "name": "2023 AWQ QTR 100-COIN BAG - ELEANOR ROOSEVELT (D)",
        "program": "Rolls & Bags & Boxes",
        "sales": 4038,
        "firstSeen": "6/12/2023",
        "latestData": "3/31/2025"
    },
    "23WRE": {
        "name": "2023 AWQ QTR 2-ROLL SET - ELEANOR ROOSEVELT (P&D)",
        "program": "Rolls & Bags & Boxes",
        "sales": 4710,
        "firstSeen": "6/12/2023",
        "latestData": "3/31/2025"
    },
    "23WRF": {
        "name": "2023 AWQ QTR 3-ROLL SET - ELEANOR ROOSEVELT (P&D&S)",
        "program": "Rolls & Bags & Boxes",
        "sales": 12678,
        "firstSeen": "6/12/2023",
        "latestData": "3/31/2025"
    },
    "23RG": {
        "name": "2023 PROOF SET",
        "program": "Annual Sets",
        "sales": 369233,
        "firstSeen": "6/26/2023",
        "latestData": "3/31/2025"
    },
    "23EG040": {
        "name": "2023 AM EAGLE SILVER UNC 1 OZ (W) - 40 COIN",
        "program": "Precious Metal Products",
        "sales": 599,
        "firstSeen": "7/3/2023",
        "latestData": "3/31/2025"
    },
    "23GBC": {
        "name": "2023 AI $1 100-COIN BAG - IN (P)",
        "program": "Rolls & Bags & Boxes",
        "sales": 3013,
        "firstSeen": "7/3/2023",
        "latestData": "3/31/2025"
    },
    "23GBG": {
        "name": "2023 AI $1 100-COIN BAG - IN (D)",
        "program": "Rolls & Bags & Boxes",
        "sales": 2798,
        "firstSeen": "7/3/2023",
        "latestData": "3/31/2025"
    },
    "23GRC": {
        "name": "2023 AI $1 25-COIN ROLL - IN (P)",
        "program": "Rolls & Bags & Boxes",
        "sales": 8022,
        "firstSeen": "7/3/2023",
        "latestData": "3/31/2025"
    },
    "23GRG": {
        "name": "2023 AI $1 25-COIN ROLL - IN (D)",
        "program": "Rolls & Bags & Boxes",
        "sales": 6994,
        "firstSeen": "7/3/2023",
        "latestData": "3/31/2025"
    },
    "23XE": {
        "name": "2023 MORGAN SILVER DOLLAR UNC NO MINT MARK",
        "program": "Precious Metal Products",
        "sales": 260527,
        "firstSeen": "7/17/2023",
        "latestData": "3/31/2025"
    },
    "23XE040": {
        "name": "2023 MORGAN SILVER DOLLAR UNC NO MINT MARK - 40 COIN",
        "program": "Precious Metal Products",
        "sales": 330,
        "firstSeen": "7/17/2023",
        "latestData": "3/31/2025"
    },
    "23XH": {
        "name": "2023 PEACE SILVER DOLLAR UNC NO MINT MARK",
        "program": "Precious Metal Products",
        "sales": 260450,
        "firstSeen": "7/17/2023",
        "latestData": "3/31/2025"
    },
    "23XH040": {
        "name": "2023 PEACE SILVER DOLLAR UNC NO MINT MARK - 40 COIN",
        "program": "Precious Metal Products",
        "sales": 338,
        "firstSeen": "7/17/2023",
        "latestData": "3/31/2025"
    },
    "SNV1": {
        "name": "NAVY SILVER MEDAL 1 OZ",
        "program": "Precious Metal Products",
        "sales": 23858,
        "firstSeen": "7/24/2023",
        "latestData": "3/31/2025"
    },
    "23DA": {
        "name": "2023 AM LIBERTY 24K GOLD 1 OZ",
        "program": "Precious Metal Products",
        "sales": 12188,
        "firstSeen": "8/14/2023",
        "latestData": "3/31/2025"
    },
    "23DB": {
        "name": "2023 AM LIBERTY SILVER MEDAL 1 OZ",
        "program": "Precious Metal Products",
        "sales": 37372,
        "firstSeen": "8/14/2023",
        "latestData": "3/31/2025"
    },
    "23XF": {
        "name": "2023 MORGAN SILVER DOLLAR PROOF (S)",
        "program": "Precious Metal Products",
        "sales": 362265,
        "firstSeen": "8/14/2023",
        "latestData": "3/31/2025"
    },
    "23XF040": {
        "name": "2023 MORGAN SILVER DOLLAR PROOF (S) - 40 COIN",
        "program": "Precious Metal Products",
        "sales": 443,
        "firstSeen": "8/14/2023",
        "latestData": "3/31/2025"
    },
    "23XL": {
        "name": "2023 PEACE SILVER DOLLAR PROOF (S)",
        "program": "Precious Metal Products",
        "sales": 327364,
        "firstSeen": "8/14/2023",
        "latestData": "3/31/2025"
    },
    "23XL040": {
        "name": "2023 PEACE SILVER DOLLAR PROOF (S) - 40 COIN",
        "program": "Precious Metal Products",
        "sales": 438,
        "firstSeen": "8/14/2023",
        "latestData": "3/31/2025"
    },
    "23WBG": {
        "name": "2023 AWQ QTR 100-COIN BAG - JOVITA IDAR (P)",
        "program": "Rolls & Bags & Boxes",
        "sales": 4177,
        "firstSeen": "8/21/2023",
        "latestData": "3/31/2025"
    },
    "23WBH": {
        "name": "2023 AWQ QTR 100-COIN BAG - JOVITA IDAR (D)",
        "program": "Rolls & Bags & Boxes",
        "sales": 3726,
        "firstSeen": "8/21/2023",
        "latestData": "3/31/2025"
    },
    "23WRG": {
        "name": "2023 AWQ QTR 2-ROLL SET - JOVITA IDAR (P&D)",
        "program": "Rolls & Bags & Boxes",
        "sales": 4146,
        "firstSeen": "8/21/2023",
        "latestData": "3/31/2025"
    },
    "23WRH": {
        "name": "2023 AWQ QTR 3-ROLL SET - JOVITA IDAR (P&D&S)",
        "program": "Rolls & Bags & Boxes",
        "sales": 12598,
        "firstSeen": "8/21/2023",
        "latestData": "3/31/2025"
    },
    "23GBD": {
        "name": "2023 AI $1 100-COIN BAG - MS (P)",
        "program": "Rolls & Bags & Boxes",
        "sales": 2511,
        "firstSeen": "8/28/2023",
        "latestData": "3/31/2025"
    },
    "23GBH": {
        "name": "2023 AI $1 100-COIN BAG - MS (D)",
        "program": "Rolls & Bags & Boxes",
        "sales": 2478,
        "firstSeen": "8/28/2023",
        "latestData": "3/31/2025"
    },
    "23GRD": {
        "name": "2023 AI $1 25-COIN ROLL - MS (P)",
        "program": "Rolls & Bags & Boxes",
        "sales": 7953,
        "firstSeen": "8/28/2023",
        "latestData": "3/31/2025"
    },
    "23GRH": {
        "name": "2023 AI $1 25-COIN ROLL - MS (D)",
        "program": "Rolls & Bags & Boxes",
        "sales": 6887,
        "firstSeen": "8/28/2023",
        "latestData": "3/31/2025"
    },
    "23RH": {
        "name": "2023 SILVER PROOF SET",
        "program": "Annual Sets",
        "sales": 197184,
        "firstSeen": "8/28/2023",
        "latestData": "3/31/2025"
    },
    "23WO2": {
        "name": "2023 AWQ QTR EDITH KANAKAOLE ORNAMENT",
        "program": "Special Collectibles",
        "sales": 1523,
        "firstSeen": "8/28/2023",
        "latestData": "3/31/2025"
    },
    "23WO3": {
        "name": "2023 AWQ QTR ELEANOR ROOSEVELT ORNAMENT",
        "program": "Special Collectibles",
        "sales": 1874,
        "firstSeen": "8/28/2023",
        "latestData": "3/31/2025"
    },
    "23WO4": {
        "name": "2023 AWQ QTR JOVITA IDAR ORNAMENT",
        "program": "Special Collectibles",
        "sales": 1331,
        "firstSeen": "8/28/2023",
        "latestData": "3/31/2025"
    },
    "23WO5": {
        "name": "2023 AWQ QTR MARIA TALLCHIEF ORNAMENT",
        "program": "Special Collectibles",
        "sales": 1568,
        "firstSeen": "8/28/2023",
        "latestData": "3/31/2025"
    },
    "S817": {
        "name": "ANDREW JOHNSON PRESIDENTIAL SILVER MEDAL",
        "program": "Precious Metal Products",
        "sales": 12773,
        "firstSeen": "8/28/2023",
        "latestData": "3/31/2025"
    },
    "SMC1": {
        "name": "MARINES SILVER MEDAL 1 OZ",
        "program": "Precious Metal Products",
        "sales": 22011,
        "firstSeen": "9/18/2023",
        "latestData": "3/31/2025"
    },
    "23XT": {
        "name": "2023 MIGHTY MINTERS ORNAMENT",
        "program": "Special Collectibles",
        "sales": 3292,
        "firstSeen": "10/2/2023",
        "latestData": "3/31/2025"
    },
    "23XU": {
        "name": "2023 UNITED STATES MINT ORNAMENT",
        "program": "Special Collectibles",
        "sales": 5421,
        "firstSeen": "10/2/2023",
        "latestData": "3/31/2025"
    },
    "S818": {
        "name": "ULYSSES S. GRANT PRESIDENTIAL SILVER MEDAL",
        "program": "Precious Metal Products",
        "sales": 13938,
        "firstSeen": "10/2/2023",
        "latestData": "3/31/2025"
    },
    "23EM": {
        "name": "2023 AM EAGLE SILVER PROOF 1 OZ (S)",
        "program": "Precious Metal Products",
        "sales": 183051,
        "firstSeen": "10/16/2023",
        "latestData": "3/31/2025"
    },
    "23EM040": {
        "name": "2023 AM EAGLE SILVER PROOF 1 OZ (S) - 40 COIN",
        "program": "Precious Metal Products",
        "sales": 743,
        "firstSeen": "10/16/2023",
        "latestData": "3/31/2025"
    },
    "23GA": {
        "name": "2023 AI $1 PROOF SET",
        "program": "Annual Sets",
        "sales": 60204,
        "firstSeen": "10/23/2023",
        "latestData": "3/31/2025"
    },
    "23WBJ": {
        "name": "2023 AWQ QTR 100-COIN BAG - MARIA TALLCHIEF (P)",
        "program": "Rolls & Bags & Boxes",
        "sales": 2150,
        "firstSeen": "10/30/2023",
        "latestData": "3/31/2025"
    },
    "23WBK": {
        "name": "2023 AWQ QTR 100-COIN BAG - MARIA TALLCHIEF (D)",
        "program": "Rolls & Bags & Boxes",
        "sales": 1836,
        "firstSeen": "10/30/2023",
        "latestData": "3/31/2025"
    },
    "23WRJ": {
        "name": "2023 AWQ QTR 2-ROLL SET - MARIA TALLCHIEF (P&D)",
        "program": "Rolls & Bags & Boxes",
        "sales": 3791,
        "firstSeen": "10/30/2023",
        "latestData": "3/31/2025"
    },
    "23WRK": {
        "name": "2023 AWQ QTR 3-ROLL SET - MARIA TALLCHIEF (P&D&S)",
        "program": "Rolls & Bags & Boxes",
        "sales": 12564,
        "firstSeen": "10/30/2023",
        "latestData": "3/31/2025"
    },
    "23XS": {
        "name": "2023 MORGAN AND PEACE SILVER REVERSE PROOF 2-COIN SET (S)",
        "program": "Precious Metal Products",
        "sales": 247820,
        "firstSeen": "11/13/2023",
        "latestData": "3/31/2025"
    },
    "23GC": {
        "name": "2023 AI $1 REVERSE PROOF SET",
        "program": "Annual Sets",
        "sales": 40564,
        "firstSeen": "11/20/2023",
        "latestData": "3/31/2025"
    },
    "23RC": {
        "name": "2023 LIMITED EDITION SILVER PROOF SET",
        "program": "Annual Sets",
        "sales": 29540,
        "firstSeen": "11/27/2023",
        "latestData": "3/31/2025"
    },
    "23RJ": {
        "name": "2023 UNC SET",
        "program": "Annual Sets",
        "sales": 184313,
        "firstSeen": "11/27/2023",
        "latestData": "3/31/2025"
    },
    "NR5": {
        "name": "2014 ATB SILVER UNC 5 OZ - EVRGLD",
        "program": "Precious Metal Products",
        "sales": 22754,
        "firstSeen": "12/4/2023",
        "latestData": "3/31/2025"
    },
    "24CJ": {
        "name": "2024 HARRIET TUBMAN GOLD PROOF",
        "program": "Commemoratives",
        "sales": 1659,
        "firstSeen": "1/8/2024",
        "latestData": "3/31/2025"
    },
    "24CK": {
        "name": "2024 HARRIET TUBMAN GOLD UNC",
        "program": "Commemoratives",
        "sales": 1291,
        "firstSeen": "1/8/2024",
        "latestData": "3/31/2025"
    },
    "24CL": {
        "name": "2024 HARRIET TUBMAN SILVER PROOF",
        "program": "Commemoratives",
        "sales": 21410,
        "firstSeen": "1/8/2024",
        "latestData": "3/31/2025"
    },
    "24CM": {
        "name": "2024 HARRIET TUBMAN SILVER UNC",
        "program": "Commemoratives",
        "sales": 7300,
        "firstSeen": "1/8/2024",
        "latestData": "3/31/2025"
    },
    "24CN": {
        "name": "2024 HARRIET TUBMAN CLAD PROOF",
        "program": "Commemoratives",
        "sales": 13817,
        "firstSeen": "1/8/2024",
        "latestData": "3/31/2025"
    },
    "24CP": {
        "name": "2024 HARRIET TUBMAN CLAD UNC",
        "program": "Commemoratives",
        "sales": 6964,
        "firstSeen": "1/8/2024",
        "latestData": "3/31/2025"
    },
    "24CR": {
        "name": "2024 HARRIET TUBMAN 3-COIN SET",
        "program": "Commemoratives",
        "sales": 4440,
        "firstSeen": "1/8/2024",
        "latestData": "3/31/2025"
    },
    "24EA": {
        "name": "2024 AM EAGLE SILVER PROOF 1 OZ (W)",
        "program": "Precious Metal Products",
        "sales": 284797,
        "firstSeen": "1/8/2024",
        "latestData": "3/31/2025"
    },
    "24RF": {
        "name": "2024 CONGRATULATIONS SET",
        "program": "Special Collectibles",
        "sales": 26475,
        "firstSeen": "1/8/2024",
        "latestData": "3/31/2025"
    },
    "24EA040": {
        "name": "2024 AM EAGLE SILVER PROOF 1 OZ (W) - 40 COIN",
        "program": "Precious Metal Products",
        "sales": 1543,
        "firstSeen": "1/22/2024",
        "latestData": "3/31/2025"
    },
    "24GBA": {
        "name": "2024 AI $1 100-COIN BAG - IL (P)",
        "program": "Rolls & Bags & Boxes",
        "sales": 2554,
        "firstSeen": "1/28/2024",
        "latestData": "3/31/2025"
    },
    "24GBE": {
        "name": "2024 AI $1 100-COIN BAG - IL (D)",
        "program": "Rolls & Bags & Boxes",
        "sales": 2540,
        "firstSeen": "1/28/2024",
        "latestData": "3/31/2025"
    },
    "24GRA": {
        "name": "2024 AI $1 25-COIN ROLL - IL (P)",
        "program": "Rolls & Bags & Boxes",
        "sales": 8304,
        "firstSeen": "1/28/2024",
        "latestData": "3/31/2025"
    },
    "24GRE": {
        "name": "2024 AI $1 25-COIN ROLL - IL (D)",
        "program": "Rolls & Bags & Boxes",
        "sales": 7326,
        "firstSeen": "1/28/2024",
        "latestData": "3/31/2025"
    },
    "24NA": {
        "name": "2024 NA $1 25-COIN ROLL (P)",
        "program": "Rolls & Bags & Boxes",
        "sales": 14673,
        "firstSeen": "2/5/2024",
        "latestData": "3/31/2025"
    },
    "24NB": {
        "name": "2024 NA $1 25-COIN ROLL (D)",
        "program": "Rolls & Bags & Boxes",
        "sales": 14648,
        "firstSeen": "2/5/2024",
        "latestData": "3/31/2025"
    },
    "24NC": {
        "name": "2024 NA $1 250-COIN BOX (P)",
        "program": "Rolls & Bags & Boxes",
        "sales": 1784,
        "firstSeen": "2/5/2024",
        "latestData": "3/31/2025"
    },
    "24ND": {
        "name": "2024 NA $1 250-COIN BOX (D)",
        "program": "Rolls & Bags & Boxes",
        "sales": 1692,
        "firstSeen": "2/5/2024",
        "latestData": "3/31/2025"
    },
    "24NE": {
        "name": "2024 NA $1 100-COIN BAG (P)",
        "program": "Rolls & Bags & Boxes",
        "sales": 1746,
        "firstSeen": "2/5/2024",
        "latestData": "3/31/2025"
    },
    "24NF": {
        "name": "2024 NA $1 100-COIN BAG (D)",
        "program": "Rolls & Bags & Boxes",
        "sales": 1795,
        "firstSeen": "2/5/2024",
        "latestData": "3/31/2025"
    },
    "24WBA": {
        "name": "2024 AWQ QTR 100-COIN BAG - REV. DR. PAULI MURRAY (P)",
        "program": "Rolls & Bags & Boxes",
        "sales": 1980,
        "firstSeen": "2/5/2024",
        "latestData": "3/31/2025"
    },
    "24WBB": {
        "name": "2024 AWQ QTR 100-COIN BAG - REV. DR. PAULI MURRAY (D)",
        "program": "Rolls & Bags & Boxes",
        "sales": 1575,
        "firstSeen": "2/5/2024",
        "latestData": "3/31/2025"
    },
    "24WRA": {
        "name": "2024 AWQ QTR 2-ROLL SET - REV. DR. PAULI MURRAY (P&D)",
        "program": "Rolls & Bags & Boxes",
        "sales": 3081,
        "firstSeen": "2/5/2024",
        "latestData": "3/31/2025"
    },
    "24WRB": {
        "name": "2024 AWQ QTR 3-ROLL SET - REV. DR. PAULI MURRAY (P&D&S)",
        "program": "Rolls & Bags & Boxes",
        "sales": 12453,
        "firstSeen": "2/5/2024",
        "latestData": "3/31/2025"
    },
    "24YA": {
        "name": "2024 LIBERTY & BRITANNIA INTL. COLLABORATION 24K GOLD 1 OZ",
        "program": "Precious Metal Products",
        "sales": 5549,
        "firstSeen": "2/12/2024",
        "latestData": "3/31/2025"
    },
    "24YB": {
        "name": "2024 LIBERTY & BRITANNIA INTL. COLLABORATION SILVER MEDAL 1 OZ",
        "program": "Precious Metal Products",
        "sales": 33232,
        "firstSeen": "2/12/2024",
        "latestData": "3/31/2025"
    },
    "24EJ": {
        "name": "2024 AM EAGLE PLATINUM PROOF 1 OZ",
        "program": "Precious Metal Products",
        "sales": 5228,
        "firstSeen": "2/19/2024",
        "latestData": "3/31/2025"
    },
    "S819": {
        "name": "RUTHERFORD B. HAYES PRESIDENTIAL SILVER MEDAL",
        "program": "Precious Metal Products",
        "sales": 11876,
        "firstSeen": "2/19/2024",
        "latestData": "3/31/2025"
    },
    "24CA": {
        "name": "2024 GREATEST GENERATION GOLD PROOF",
        "program": "Commemoratives",
        "sales": 1558,
        "firstSeen": "3/4/2024",
        "latestData": "3/31/2025"
    },
    "24CB": {
        "name": "2024 GREATEST GENERATION GOLD UNC",
        "program": "Commemoratives",
        "sales": 1374,
        "firstSeen": "3/4/2024",
        "latestData": "3/31/2025"
    },
    "24CC": {
        "name": "2024 GREATEST GENERATION SILVER PROOF",
        "program": "Commemoratives",
        "sales": 34235,
        "firstSeen": "3/4/2024",
        "latestData": "3/31/2025"
    },
    "24CD": {
        "name": "2024 GREATEST GENERATION SILVER UNC",
        "program": "Commemoratives",
        "sales": 11018,
        "firstSeen": "3/4/2024",
        "latestData": "3/31/2025"
    },
    "24CE": {
        "name": "2024 GREATEST GENERATION CLAD PROOF",
        "program": "Commemoratives",
        "sales": 18663,
        "firstSeen": "3/4/2024",
        "latestData": "3/31/2025"
    },
    "24CF": {
        "name": "2024 GREATEST GENERATION CLAD UNC",
        "program": "Commemoratives",
        "sales": 8435,
        "firstSeen": "3/4/2024",
        "latestData": "3/31/2025"
    },
    "24CG": {
        "name": "2024 GREATEST GENERATION 3-COIN SET",
        "program": "Commemoratives",
        "sales": 4689,
        "firstSeen": "3/4/2024",
        "latestData": "3/31/2025"
    },
    "24WP": {
        "name": "2024 AWQ QTR PROOF SET",
        "program": "Annual Sets",
        "sales": 49627,
        "firstSeen": "3/4/2024",
        "latestData": "3/31/2025"
    },
    "24RG": {
        "name": "2024 PROOF SET",
        "program": "Annual Sets",
        "sales": 355785,
        "firstSeen": "3/18/2024",
        "latestData": "3/31/2025"
    },
    "24WBC": {
        "name": "2024 AWQ QTR 100-COIN BAG - PATSY MINK (P)",
        "program": "Rolls & Bags & Boxes",
        "sales": 1655,
        "firstSeen": "4/1/2024",
        "latestData": "3/31/2025"
    },
    "24WBD": {
        "name": "2024 AWQ QTR 100-COIN BAG - PATSY MINK (D)",
        "program": "Rolls & Bags & Boxes",
        "sales": 1348,
        "firstSeen": "4/1/2024",
        "latestData": "3/31/2025"
    },
    "24WRC": {
        "name": "2024 AWQ QTR 2-ROLL SET - PATSY MINK (P&D)",
        "program": "Rolls & Bags & Boxes",
        "sales": 2824,
        "firstSeen": "4/1/2024",
        "latestData": "3/31/2025"
    },
    "24WRD": {
        "name": "2024 AWQ QTR 3-ROLL SET - PATSY MINK (P&D&S)",
        "program": "Rolls & Bags & Boxes",
        "sales": 11640,
        "firstSeen": "4/1/2024",
        "latestData": "3/31/2025"
    },
    "24GBB": {
        "name": "2024 AI $1 100-COIN BAG - AL (P)",
        "program": "Rolls & Bags & Boxes",
        "sales": 3149,
        "firstSeen": "4/8/2024",
        "latestData": "3/31/2025"
    },
    "24GBF": {
        "name": "2024 AI $1 100-COIN BAG - AL (D)",
        "program": "Rolls & Bags & Boxes",
        "sales": 2950,
        "firstSeen": "4/8/2024",
        "latestData": "3/31/2025"
    },
    "24GRB": {
        "name": "2024 AI $1 25-COIN ROLL - AL (P)",
        "program": "Rolls & Bags & Boxes",
        "sales": 8394,
        "firstSeen": "4/8/2024",
        "latestData": "3/31/2025"
    },
    "24GRF": {
        "name": "2024 AI $1 25-COIN ROLL - AL (D)",
        "program": "Rolls & Bags & Boxes",
        "sales": 7443,
        "firstSeen": "4/8/2024",
        "latestData": "3/31/2025"
    },
    "24WS": {
        "name": "2024 AWQ QTR SILVER PROOF SET",
        "program": "Annual Sets",
        "sales": 34267,
        "firstSeen": "4/8/2024",
        "latestData": "3/31/2025"
    },
    "24KA": {
        "name": "2024 HALF-DOLLAR 200-COIN BAG (P&D)",
        "program": "Rolls & Bags & Boxes",
        "sales": 9610,
        "firstSeen": "4/30/2024",
        "latestData": "3/31/2025"
    },
    "24KB": {
        "name": "2024 HALF-DOLLAR 2-ROLL SET (P&D)",
        "program": "Rolls & Bags & Boxes",
        "sales": 26261,
        "firstSeen": "4/30/2024",
        "latestData": "3/31/2025"
    },
    "24EB": {
        "name": "2024 AM EAGLE GOLD PROOF 1 OZ",
        "program": "Precious Metal Products",
        "sales": 3801,
        "firstSeen": "5/5/2024",
        "latestData": "3/31/2025"
    },
    "24EC": {
        "name": "2024 AM EAGLE GOLD PROOF 1/2 OZ",
        "program": "Precious Metal Products",
        "sales": 1971,
        "firstSeen": "5/5/2024",
        "latestData": "3/31/2025"
    },
    "24ED": {
        "name": "2024 AM EAGLE GOLD PROOF 1/4 OZ",
        "program": "Precious Metal Products",
        "sales": 5301,
        "firstSeen": "5/5/2024",
        "latestData": "3/31/2025"
    },
    "24EE": {
        "name": "2024 AM EAGLE GOLD PROOF 1/10 OZ",
        "program": "Precious Metal Products",
        "sales": 10584,
        "firstSeen": "5/5/2024",
        "latestData": "3/31/2025"
    },
    "24EF": {
        "name": "2024 AM EAGLE GOLD PROOF 4-COIN SET",
        "program": "Precious Metal Products",
        "sales": 4778,
        "firstSeen": "5/5/2024",
        "latestData": "3/31/2025"
    },
    "S820": {
        "name": "JAMES GARFIELD PRESIDENTIAL SILVER MEDAL",
        "program": "Precious Metal Products",
        "sales": 11702,
        "firstSeen": "5/5/2024",
        "latestData": "3/31/2025"
    },
    "SAR1": {
        "name": "ARMY SILVER MEDAL 1 OZ",
        "program": "Precious Metal Products",
        "sales": 18227,
        "firstSeen": "5/13/2024",
        "latestData": "3/31/2025"
    },
    "24GBC": {
        "name": "2024 AI $1 100-COIN BAG - ME (P)",
        "program": "Rolls & Bags & Boxes",
        "sales": 2882,
        "firstSeen": "5/20/2024",
        "latestData": "3/31/2025"
    },
    "24GBG": {
        "name": "2024 AI $1 100-COIN BAG - ME (D)",
        "program": "Rolls & Bags & Boxes",
        "sales": 2209,
        "firstSeen": "5/20/2024",
        "latestData": "3/31/2025"
    },
    "24GRC": {
        "name": "2024 AI $1 25-COIN ROLL - ME (P)",
        "program": "Rolls & Bags & Boxes",
        "sales": 8174,
        "firstSeen": "5/20/2024",
        "latestData": "3/31/2025"
    },
    "24GRG": {
        "name": "2024 AI $1 25-COIN ROLL - ME (D)",
        "program": "Rolls & Bags & Boxes",
        "sales": 7304,
        "firstSeen": "5/20/2024",
        "latestData": "3/31/2025"
    },
    "24EG": {
        "name": "2024 AM EAGLE SILVER UNC 1 OZ (W)",
        "program": "Precious Metal Products",
        "sales": 93778,
        "firstSeen": "6/10/2024",
        "latestData": "3/31/2025"
    },
    "24EH": {
        "name": "2024 AM EAGLE GOLD UNC 1 OZ",
        "program": "Precious Metal Products",
        "sales": 2867,
        "firstSeen": "6/10/2024",
        "latestData": "3/31/2025"
    },
    "24EG040": {
        "name": "2024 AM EAGLE SILVER UNC 1 OZ (W) - 40 COIN",
        "program": "Precious Metal Products",
        "sales": 500,
        "firstSeen": "6/17/2024",
        "latestData": "3/31/2025"
    },
    "24EL": {
        "name": "2024 AM BUFFALO GOLD PROOF 1 OZ",
        "program": "Precious Metal Products",
        "sales": 9506,
        "firstSeen": "6/17/2024",
        "latestData": "3/31/2025"
    },
    "24RH": {
        "name": "2024 SILVER PROOF SET",
        "program": "Annual Sets",
        "sales": 169767,
        "firstSeen": "6/17/2024",
        "latestData": "3/31/2025"
    },
    "24WBE": {
        "name": "2024 AWQ QTR 100-COIN BAG - DR. MARY EDWARDS WALKER (P)",
        "program": "Rolls & Bags & Boxes",
        "sales": 1572,
        "firstSeen": "6/17/2024",
        "latestData": "3/31/2025"
    },
    "24WBF": {
        "name": "2024 AWQ QTR 100-COIN BAG - DR. MARY EDWARDS WALKER (D)",
        "program": "Rolls & Bags & Boxes",
        "sales": 1241,
        "firstSeen": "6/17/2024",
        "latestData": "3/31/2025"
    },
    "24WRE": {
        "name": "2024 AWQ QTR 2-ROLL SET - DR. MARY EDWARDS WALKER (P&D)",
        "program": "Rolls & Bags & Boxes",
        "sales": 2593,
        "firstSeen": "6/17/2024",
        "latestData": "3/31/2025"
    },
    "24WRF": {
        "name": "2024 AWQ QTR 3-ROLL SET - DR. MARY EDWARDS WALKER (P&D&S)",
        "program": "Rolls & Bags & Boxes",
        "sales": 11023,
        "firstSeen": "6/17/2024",
        "latestData": "3/31/2025"
    },
    "24XE": {
        "name": "2024 MORGAN SILVER DOLLAR UNC NO MINT MARK",
        "program": "Precious Metal Products",
        "sales": 163621,
        "firstSeen": "7/15/2024",
        "latestData": "3/31/2025"
    },
    "24XE040": {
        "name": "2024 MORGAN SILVER DOLLAR UNC NO MINT MARK - 40 COIN",
        "program": "Precious Metal Products",
        "sales": 316,
        "firstSeen": "7/15/2024",
        "latestData": "3/31/2025"
    },
    "24XH": {
        "name": "2024 PEACE SILVER DOLLAR UNC NO MINT MARK",
        "program": "Precious Metal Products",
        "sales": 155889,
        "firstSeen": "7/15/2024",
        "latestData": "3/31/2025"
    },
    "24XH040": {
        "name": "2024 PEACE SILVER DOLLAR UNC NO MINT MARK - 40 COIN",
        "program": "Precious Metal Products",
        "sales": 309,
        "firstSeen": "7/15/2024",
        "latestData": "3/31/2025"
    },
    "24GBD": {
        "name": "2024 AI $1 100-COIN BAG - MO (P)",
        "program": "Rolls & Bags & Boxes",
        "sales": 3147,
        "firstSeen": "7/21/2024",
        "latestData": "3/31/2025"
    },
    "24GBH": {
        "name": "2024 AI $1 100-COIN BAG - MO (D)",
        "program": "Rolls & Bags & Boxes",
        "sales": 2212,
        "firstSeen": "7/21/2024",
        "latestData": "3/31/2025"
    },
    "24GRD": {
        "name": "2024 AI $1 25-COIN ROLL - MO (P)",
        "program": "Rolls & Bags & Boxes",
        "sales": 7754,
        "firstSeen": "7/21/2024",
        "latestData": "3/31/2025"
    },
    "24GRH": {
        "name": "2024 AI $1 25-COIN ROLL - MO (D)",
        "program": "Rolls & Bags & Boxes",
        "sales": 7032,
        "firstSeen": "7/21/2024",
        "latestData": "3/31/2025"
    },
    "24GA": {
        "name": "2024 AI $1 PROOF SET",
        "program": "Annual Sets",
        "sales": 63326,
        "firstSeen": "8/4/2024",
        "latestData": "3/31/2025"
    },
    "24EM": {
        "name": "2024 AM EAGLE SILVER PROOF 1 OZ (S)",
        "program": "Precious Metal Products",
        "sales": 120997,
        "firstSeen": "8/11/2024",
        "latestData": "3/31/2025"
    },
    "24EM040": {
        "name": "2024 AM EAGLE SILVER PROOF 1 OZ (S) - 40 COIN",
        "program": "Precious Metal Products",
        "sales": 915,
        "firstSeen": "8/11/2024",
        "latestData": "3/31/2025"
    },
    "24WBG": {
        "name": "2024 AWQ QTR 100-COIN BAG - CELIA CRUZ (P)",
        "program": "Rolls & Bags & Boxes",
        "sales": 4106,
        "firstSeen": "8/11/2024",
        "latestData": "3/31/2025"
    },
    "24WBH": {
        "name": "2024 AWQ QTR 100-COIN BAG - CELIA CRUZ (D)",
        "program": "Rolls & Bags & Boxes",
        "sales": 2523,
        "firstSeen": "8/11/2024",
        "latestData": "3/31/2025"
    },
    "24WRG": {
        "name": "2024 AWQ QTR 2-ROLL SET - CELIA CRUZ (P&D)",
        "program": "Rolls & Bags & Boxes",
        "sales": 5959,
        "firstSeen": "8/11/2024",
        "latestData": "3/31/2025"
    },
    "24WRH": {
        "name": "2024 AWQ QTR 3-ROLL SET - CELIA CRUZ (P&D&S)",
        "program": "Rolls & Bags & Boxes",
        "sales": 13545,
        "firstSeen": "8/11/2024",
        "latestData": "3/31/2025"
    },
    "S821": {
        "name": "CHESTER A. ARTHUR PRESIDENTIAL SILVER MEDAL",
        "program": "Precious Metal Products",
        "sales": 11001,
        "firstSeen": "8/11/2024",
        "latestData": "3/31/2025"
    },
    "24WO1": {
        "name": "2024 AWQ QTR REV. DR. PAULI MURRAY ORNAMENT",
        "program": "Special Collectibles",
        "sales": 918,
        "firstSeen": "8/27/2024",
        "latestData": "3/31/2025"
    },
    "24WO2": {
        "name": "2024 AWQ QTR PATSY MINK ORNAMENT",
        "program": "Special Collectibles",
        "sales": 956,
        "firstSeen": "8/27/2024",
        "latestData": "3/31/2025"
    },
    "24WO3": {
        "name": "2024 AWQ QTR DR. MARY EDWARDS WALKER ORNAMENT",
        "program": "Special Collectibles",
        "sales": 1115,
        "firstSeen": "8/27/2024",
        "latestData": "3/31/2025"
    },
    "24WO4": {
        "name": "2024 AWQ QTR CELIA CRUZ ORNAMENT",
        "program": "Special Collectibles",
        "sales": 2239,
        "firstSeen": "8/27/2024",
        "latestData": "3/31/2025"
    },
    "24WO5": {
        "name": "2024 AWQ QTR ZITKALA-ŠA ORNAMENT",
        "program": "Special Collectibles",
        "sales": 937,
        "firstSeen": "8/27/2024",
        "latestData": "3/31/2025"
    },
    "24RJ": {
        "name": "2024 UNC SET",
        "program": "Annual Sets",
        "sales": 178709,
        "firstSeen": "9/3/2024",
        "latestData": "3/31/2025"
    },
    "24EK": {
        "name": "2024 AM EAGLE PALLADIUM PROOF 1 OZ",
        "program": "Precious Metal Products",
        "sales": 3960,
        "firstSeen": "9/10/2024",
        "latestData": "3/31/2025"
    },
    "24XF": {
        "name": "2024 MORGAN SILVER DOLLAR PROOF (S)",
        "program": "Precious Metal Products",
        "sales": 171733,
        "firstSeen": "9/16/2024",
        "latestData": "3/31/2025"
    },
    "24XF040": {
        "name": "2024 MORGAN SILVER DOLLAR PROOF (S) - 40 COIN",
        "program": "Precious Metal Products",
        "sales": 304,
        "firstSeen": "9/16/2024",
        "latestData": "3/31/2025"
    },
    "24XL": {
        "name": "2024 PEACE SILVER DOLLAR PROOF (S)",
        "program": "Precious Metal Products",
        "sales": 155103,
        "firstSeen": "9/16/2024",
        "latestData": "3/31/2025"
    },
    "24XL040": {
        "name": "2024 PEACE SILVER DOLLAR PROOF (S) - 40 COIN",
        "program": "Precious Metal Products",
        "sales": 304,
        "firstSeen": "9/16/2024",
        "latestData": "3/31/2025"
    },
    "24XT": {
        "name": "2024 MIGHTY MINTERS ORNAMENT",
        "program": "Special Collectibles",
        "sales": 3428,
        "firstSeen": "10/7/2024",
        "latestData": "3/31/2025"
    },
    "24XU": {
        "name": "2024 UNITED STATES MINT ORNAMENT",
        "program": "Special Collectibles",
        "sales": 4980,
        "firstSeen": "10/7/2024",
        "latestData": "3/31/2025"
    },
    "S822": {
        "name": "GROVER CLEVELAND PRESIDENTIAL SILVER MEDAL",
        "program": "Precious Metal Products",
        "sales": 11175,
        "firstSeen": "10/7/2024",
        "latestData": "3/31/2025"
    },
    "24YH": {
        "name": "2024 FLOWING HAIR SILVER MEDAL 1 OZ",
        "program": "Precious Metal Products",
        "sales": 49933,
        "firstSeen": "10/21/2024",
        "latestData": "3/31/2025"
    },
    "24WBJ": {
        "name": "2024 AWQ QTR 100-COIN BAG - ZITKALA-A (P)",
        "program": "Rolls & Bags & Boxes",
        "sales": 1448,
        "firstSeen": "11/4/2024",
        "latestData": "3/31/2025"
    },
    "24WBK": {
        "name": "2024 AWQ QTR 100-COIN BAG - ZITKALA-A (D)",
        "program": "Rolls & Bags & Boxes",
        "sales": 1262,
        "firstSeen": "11/4/2024",
        "latestData": "3/31/2025"
    },
    "24WRJ": {
        "name": "2024 AWQ QTR 2-ROLL SET - ZITKALA-A (P&D)",
        "program": "Rolls & Bags & Boxes",
        "sales": 2351,
        "firstSeen": "11/4/2024",
        "latestData": "3/31/2025"
    },
    "24WRK": {
        "name": "2024 AWQ QTR 3-ROLL SET - ZITKALA-A (P&D&S)",
        "program": "Rolls & Bags & Boxes",
        "sales": 10473,
        "firstSeen": "11/4/2024",
        "latestData": "3/31/2025"
    },
    "24RC": {
        "name": "2024 LIMITED EDITION SILVER PROOF SET",
        "program": "Annual Sets",
        "sales": 23397,
        "firstSeen": "11/11/2024",
        "latestData": "3/31/2025"
    },
    "24XS": {
        "name": "2024 MORGAN AND PEACE SILVER REVERSE PROOF 2-COIN SET (S)",
        "program": "Precious Metal Products",
        "sales": 152150,
        "firstSeen": "11/11/2024",
        "latestData": "3/31/2025"
    },
    "24YG": {
        "name": "2024 FLOWING HAIR 24K GOLD PROOF 1 OZ",
        "program": "Precious Metal Products",
        "sales": 9975,
        "firstSeen": "11/18/2024",
        "latestData": "3/31/2025"
    },
    "24GC": {
        "name": "2024 AI $1 REVERSE PROOF SET",
        "program": "Annual Sets",
        "sales": 33559,
        "firstSeen": "12/2/2024",
        "latestData": "3/31/2025"
    },
    "25EA": {
        "name": "2025 AM EAGLE SILVER PROOF 1 OZ (W)",
        "program": "Precious Metal Products",
        "sales": 197087,
        "firstSeen": "12/30/2024",
        "latestData": "3/31/2025"
    },
    "25RF": {
        "name": "2025 CONGRATULATIONS SET",
        "program": "Special Collectibles",
        "sales": 16527,
        "firstSeen": "12/30/2024",
        "latestData": "3/31/2025"
    },
    "25CA": {
        "name": "2025 USMC 250TH ANNIV GOLD PROOF",
        "program": "Commemoratives",
        "sales": 1358,
        "firstSeen": "1/6/2025",
        "latestData": "3/31/2025"
    },
    "25CB": {
        "name": "2025 USMC 250TH ANNIV GOLD UNC",
        "program": "Commemoratives",
        "sales": 956,
        "firstSeen": "1/6/2025",
        "latestData": "3/31/2025"
    },
    "25CC": {
        "name": "2025 USMC 250TH ANNIV SILVER PROOF",
        "program": "Commemoratives",
        "sales": 27315,
        "firstSeen": "1/6/2025",
        "latestData": "3/31/2025"
    },
    "25CD": {
        "name": "2025 USMC 250TH ANNIV SILVER UNC",
        "program": "Commemoratives",
        "sales": 7498,
        "firstSeen": "1/6/2025",
        "latestData": "3/31/2025"
    },
    "25CE": {
        "name": "2025 USMC 250TH ANNIV CLAD PROOF",
        "program": "Commemoratives",
        "sales": 14315,
        "firstSeen": "1/6/2025",
        "latestData": "3/31/2025"
    },
    "25CF": {
        "name": "2025 USMC 250TH ANNIV CLAD UNC",
        "program": "Commemoratives",
        "sales": 5542,
        "firstSeen": "1/6/2025",
        "latestData": "3/31/2025"
    },
    "25CG": {
        "name": "2025 USMC 250TH ANNIV 3-COIN SET",
        "program": "Commemoratives",
        "sales": 4525,
        "firstSeen": "1/6/2025",
        "latestData": "3/31/2025"
    },
    "25EA040": {
        "name": "2025 AM EAGLE SILVER PROOF 1 OZ (W) - 40 COIN",
        "program": "Precious Metal Products",
        "sales": 801,
        "firstSeen": "1/13/2025",
        "latestData": "3/31/2025"
    },
    "25GBA": {
        "name": "2025 AI $1 100-COIN BAG - AR (P)",
        "program": "Rolls & Bags & Boxes",
        "sales": 2766,
        "firstSeen": "1/13/2025",
        "latestData": "3/31/2025"
    },
    "25GBE": {
        "name": "2025 AI $1 100-COIN BAG - AR (D)",
        "program": "Rolls & Bags & Boxes",
        "sales": 1728,
        "firstSeen": "1/13/2025",
        "latestData": "3/31/2025"
    },
    "25GRA": {
        "name": "2025 AI $1 25-COIN ROLL - AR (P)",
        "program": "Rolls & Bags & Boxes",
        "sales": 6811,
        "firstSeen": "1/13/2025",
        "latestData": "3/31/2025"
    },
    "25GRE": {
        "name": "2025 AI $1 25-COIN ROLL - AR (D)",
        "program": "Rolls & Bags & Boxes",
        "sales": 6282,
        "firstSeen": "1/13/2025",
        "latestData": "3/31/2025"
    },
    "25NA": {
        "name": "2025 NA $1 25-COIN ROLL (P)",
        "program": "Rolls & Bags & Boxes",
        "sales": 9428,
        "firstSeen": "1/27/2025",
        "latestData": "3/31/2025"
    },
    "25NB": {
        "name": "2025 NA $1 25-COIN ROLL (D)",
        "program": "Rolls & Bags & Boxes",
        "sales": 9230,
        "firstSeen": "1/27/2025",
        "latestData": "3/31/2025"
    },
    "25NC": {
        "name": "2025 NA $1 250-COIN BOX (P)",
        "program": "Rolls & Bags & Boxes",
        "sales": 640,
        "firstSeen": "1/27/2025",
        "latestData": "3/31/2025"
    },
    "25ND": {
        "name": "2025 NA $1 250-COIN BOX (D)",
        "program": "Rolls & Bags & Boxes",
        "sales": 657,
        "firstSeen": "1/27/2025",
        "latestData": "3/31/2025"
    },
    "25NE": {
        "name": "2025 NA $1 100-COIN BAG (P)",
        "program": "Rolls & Bags & Boxes",
        "sales": 1090,
        "firstSeen": "1/27/2025",
        "latestData": "3/31/2025"
    },
    "25NF": {
        "name": "2025 NA $1 100-COIN BAG (D)",
        "program": "Rolls & Bags & Boxes",
        "sales": 1184,
        "firstSeen": "1/27/2025",
        "latestData": "3/31/2025"
    },
    "25EJ": {
        "name": "2023 AM EAGLE PLATINUM PROOF 1 OZ",
        "program": "Precious Metal Products",
        "sales": 3577,
        "firstSeen": "2/24/2025",
        "latestData": "3/31/2025"
    },
    "25RG": {
        "name": "2025 PROOF SET",
        "program": "Annual Sets",
        "sales": 208613,
        "firstSeen": "2/24/2025",
        "latestData": "3/31/2025"
    },
    "25WBA": {
        "name": "2025 AWQ QTR 100-COIN BAG - IDA B. WELLS (P)",
        "program": "Rolls & Bags & Boxes",
        "sales": 1782,
        "firstSeen": "2/24/2025",
        "latestData": "3/31/2025"
    },
    "25WBB": {
        "name": "2025 AWQ QTR 100-COIN BAG - IDA B. WELLS (D)",
        "program": "Rolls & Bags & Boxes",
        "sales": 1055,
        "firstSeen": "2/24/2025",
        "latestData": "3/31/2025"
    },
    "25WP": {
        "name": "2025 AWQ QTR PROOF SET",
        "program": "Annual Sets",
        "sales": 29081,
        "firstSeen": "2/24/2025",
        "latestData": "3/31/2025"
    },
    "25WRA": {
        "name": "2025 AWQ QTR 2-ROLL SET - IDA B. WELLS (P&D)",
        "program": "Rolls & Bags & Boxes",
        "sales": 2169,
        "firstSeen": "2/24/2025",
        "latestData": "3/31/2025"
    },
    "25WRB": {
        "name": "2025 AWQ QTR 3-ROLL SET - IDA B. WELLS (P&D&S)",
        "program": "Rolls & Bags & Boxes",
        "sales": 9739,
        "firstSeen": "2/24/2025",
        "latestData": "3/31/2025"
    },
    "S823": {
        "name": "BENJAMIN HARRISON PRESIDENTIAL SILVER MEDAL",
        "program": "Precious Metal Products",
        "sales": 9762,
        "firstSeen": "2/24/2025",
        "latestData": "3/31/2025"
    },
    "25EB": {
        "name": "2025 AM EAGLE GOLD PROOF 1 OZ",
        "program": "Precious Metal Products",
        "sales": 1486,
        "firstSeen": "3/17/2025",
        "latestData": "3/31/2025"
    },
    "25EE": {
        "name": "2025 AM EAGLE GOLD PROOF 1/10 OZ",
        "program": "Precious Metal Products",
        "sales": 2384,
        "firstSeen": "3/17/2025",
        "latestData": "3/31/2025"
    },
    "25EF": {
        "name": "2025 AM EAGLE GOLD PROOF 4-COIN SET",
        "program": "Precious Metal Products",
        "sales": 1956,
        "firstSeen": "3/17/2025",
        "latestData": "3/31/2025"
    },
    "25EC": {
        "name": "2025 AM EAGLE GOLD PROOF 1/2 OZ",
        "program": "Precious Metal Products",
        "sales": 641,
        "firstSeen": "3/24/2025",
        "latestData": "3/31/2025"
    },
    "25ED": {
        "name": "2025 AM EAGLE GOLD PROOF 1/4 OZ",
        "program": "Precious Metal Products",
        "sales": 785,
        "firstSeen": "3/24/2025",
        "latestData": "3/31/2025"
    },
    "25WBC": {
        "name": "2025 AWQ QTR 100-COIN BAG - JULIETTE GORDON LOW (P)",
        "program": "Rolls & Bags & Boxes",
        "sales": 2361,
        "firstSeen": "3/24/2025",
        "latestData": "3/31/2025"
    },
    "25WBD": {
        "name": "2025 AWQ QTR 100-COIN BAG - JULIETTE GORDON LOW (D)",
        "program": "Rolls & Bags & Boxes",
        "sales": 1406,
        "firstSeen": "3/24/2025",
        "latestData": "3/31/2025"
    },
    "25WRC": {
        "name": "2025 AWQ QTR 2-ROLL SET - JULIETTE GORDON LOW (P&D)",
        "program": "Rolls & Bags & Boxes",
        "sales": 2786,
        "firstSeen": "3/24/2025",
        "latestData": "3/31/2025"
    },
    "25WRD": {
        "name": "2025 AWQ QTR 3-ROLL SET - JULIETTE GORDON LOW (P&D&S)",
        "program": "Rolls & Bags & Boxes",
        "sales": 10160,
        "firstSeen": "3/24/2025",
        "latestData": "3/31/2025"
    }
}
